1989 3252
121 239 293 283 Bened.
316 238 442 282 XIV.
790 261 841 267 -
871 238 953 278 477
993 262 1032 267 —-
1567 240 1698 284 1753.

121 323 376 364 Vicecomite
410 322 559 377 Praep.
583 322 686 364 Gen.
712 322 753 365 S.
778 323 813 365 Ι.
839 338 912 376 pro
948 324 1242 377 peragentibus
1277 324 1481 366 exercitia
1501 325 1602 378 spir.
1627 338 1701 378 per

120 394 412 449 quodcumque
448 394 610 436 dierum
632 395 814 448 spatium
850 400 923 436 aut
942 409 1017 448 per
1038 409 1168 436 unum
1198 395 1309 436 diem
1332 395 1460 437 semel
1491 396 1535 436 in
1556 409 1700 438 mense

120 466 164 507 in
183 464 305 506 domo
326 463 392 506 vel
411 464 515 506 eccl.
539 464 579 506 S.
604 464 657 517 I.,
681 465 870 506 concedit
890 465 1049 518 indulg.
1074 465 1186 518 plen.
1207 470 1250 506 et
1268 465 1514 507 facultatem
1535 465 1701 507 absolu-

120 535 246 576 tionis
266 548 292 577 a
311 534 479 576 casibus
500 535 737 578 reservatis.

121 601 162 635 R.
181 611 238 643 ap.
259 600 295 634 S.
314 601 362 635 M.
382 601 433 635 M.
452 600 578 635 XXIX
595 601 702 634 Mart.
724 602 808 636 1753
826 601 867 635 P.
887 612 944 634 an.
969 601 1065 636 XIII.

117 708 211 743 Nov.
231 709 319 742 bull.
338 709 372 743 S.
393 708 425 743 Ι.
444 711 522 744 201.

200 829 273 873 62.
305 828 355 869 A.
389 826 434 868 P.
468 827 517 869 R.
542 826 600 869 M.
628 832 1136 873 Commendacissimum
1156 831 1375 872 studium.
1402 853 1427 859 —
1456 829 1559 882 Ben.
1583 829 1697 875 XIV.

116 899 155 940 in
194 898 407 953 pontificio
444 899 618 952 collegio
653 900 739 941 sive
771 900 997 942 seminario
1019 899 1226 941 Wilnensi
1257 899 1297 942 S.
1321 899 1358 941 Ι.
1390 914 1416 942 a
1445 899 1569 954 Greg.
1594 900 1698 942 XIII

119 974 274 1021 erecto,
296 971 339 1011 in
360 983 442 1024 quo
473 971 643 1012 iuvenes
664 971 959 1021 moschovitae‚
983 970 1036 1013 ob
1065 971 1175 1012 vitae
1195 984 1373 1025 poenam
1394 972 1505 1013 cath.
1530 972 1689 1025 religio-

117 1054 213 1082 nem
248 1040 601 1094 amplectentibus
636 1041 924 1095 infligendam,
956 1055 1040 1083 non
1073 1042 1254 1095 amplius
1283 1042 1561 1095 recipiuntur,
1585 1048 1697 1084 vetat

118 1124 262 1152 eorum
283 1111 374 1153 loco
395 1112 501 1153 alios
518 1112 624 1153 ritus
640 1112 760 1153 latini
778 1113 818 1154 iu
827 1127 949 1154 venes
967 1113 1114 1166 recipi,
1133 1112 1205 1154 sed
1222 1114 1358 1166 graeci
1380 1114 1485 1154 ritus
1501 1114 1700 1155 ruthenos

116 1182 333 1236 subrogari
354 1182 486 1235 iubet,
505 1183 557 1224 ob
574 1184 847 1225 ruthenorum
863 1185 1102 1225 antistitum
1123 1184 1309 1237 inopiam
1327 1189 1369 1225 et
1385 1184 1690 1237 parochialium

118 1253 389 1295 ecclesiarum
424 1267 659 1304 numerum,
684 1268 791 1309 quae
827 1255 868 1295 in
900 1255 989 1296 sola
1025 1255 1239 1297 Kioviensi
1275 1254 1494 1307 metropol.
1519 1254 1698 1296 dioecesi

117 1328 215 1365 sunt
247 1326 350 1366 1925
381 1339 569 1367 numero.
597 1325 766 1366 Alumni
789 1327 872 1367 sint
894 1328 961 1377 20,
986 1339 1038 1366 ex
1074 1325 1296 1367 dioecesib.
1320 1339 1395 1378 per
1430 1325 1541 1367 decr.
1566 1323 1694 1379 Cong.

117 1394 239 1448 Prop.
264 1394 356 1437 Fid.
385 1397 436 1438 12
456 1396 578 1438 Febr.
608 1398 711 1438 1753
734 1397 974 1450 (insertum)
997 1396 1301 1438 determinatis.

119 1460 160 1494 R.
179 1471 236 1504 ap.
258 1460 294 1495 S.
317 1462 364 1495 M.
390 1461 439 1495 M.
459 1463 491 1496 V
509 1463 594 1506 Apr.
617 1464 701 1498 1753
721 1462 760 1496 Ρ.
780 1474 838 1496 an.
859 1463 954 1498 XIII.

122 1570 221 1603 Bull.
245 1569 351 1604 Rom.
370 1588 413 1594 —
433 1570 530 1604 Ball.
548 1573 592 1605 de
605 1582 762 1615 propag.
781 1572 856 1614 fide
872 1571 944 1606 III.
963 1573 1038 1607 522.

201 1691 274 1736 63.
306 1687 357 1728 A.
377 1687 424 1730 P.
444 1688 495 1730 R.
515 1688 573 1730 M.
597 1694 813 1734 Dedimus
833 1705 958 1734 sane.
977 1714 1002 1720 -
1023 1689 1126 1731 Ben.
1145 1689 1260 1743 XIV,
1278 1695 1448 1744 petente
1468 1690 1559 1745 Ign.
1583 1692 1700 1733 Vice-

118 1760 270 1802 comite
306 1759 454 1813 Praep.
493 1759 596 1802 Gen.
621 1760 661 1802 S.
698 1760 732 1802 I.
774 1759 1078 1814 indulgentiam
1100 1768 1142 1802 et
1172 1761 1432 1814 facultatem,
1456 1775 1531 1815 per
1568 1763 1698 1804 Breve

123 1837 350 1879 Quantum
370 1846 571 1876 secessus
607 1831 708 1877 (Cfr.
742 1846 782 1873 n.
827 1833 897 1885 61)
933 1845 1149 1874 concessas
1184 1832 1376 1874 extendit
1412 1832 1464 1874 ad
1503 1838 1700 1874 externas

120 1915 286 1957 quoque
307 1901 520 1944 ecclesias.

119 1967 160 2002 R.
180 1979 236 2011 ap.
259 1967 295 2003 S.
317 1968 364 2001 M.
386 1968 436 2003 Μ.
456 1968 542 2004 XVI
560 1969 647 2003 Maii
669 1970 750 2003 1753
770 1969 810 2003 Ρ.
831 1979 891 2002 an.
912 1969 1010 2004 XIII.

117 2075 210 2109 Νου.
231 2077 320 2110 buu.
336 2076 370 2110 S.
391 2077 418 2111 Ι.
438 2079 513 2111 304.

200 2198 272 2239 64.
298 2199 607 2251 Apostolicum
629 2195 1104 2240 ministerium.—Ben.
1118 2195 1215 2237 XIV
1228 2197 1449 2249 episcopis,
1467 2198 1548 2238 vic.
1562 2202 1696 2251 apost.

120 2270 162 2306 et
190 2264 478 2307 sacerdotibus
513 2270 598 2307 tam
630 2266 915 2308 saecularibus
936 2280 1061 2321 quam
1090 2267 1221 2320 regul.
1246 2267 1428 2308 cuiusvis
1450 2267 1547 2309 Ord.
1572 2270 1699 2310 etiam

120 2336 162 2378 S.
185 2335 240 2389 I.‚
262 2336 396 2378 relata
416 2337 575 2390 origine
597 2337 863 2379 dissidiorum
894 2339 1001 2379 inter
1027 2338 1236 2392 regulares
1259 2343 1301 2379 et
1329 2339 1408 2380 vic.
1432 2339 1698 2392 apostolicos,

119 2406 248 2449 tradit
268 2407 434 2460 regulas
454 2409 643 2449 missioni
664 2409 870 2462 regendae
888 2414 929 2450 et
950 2408 1306 2450 subordinationis
1327 2423 1488 2450 necnon
1510 2410 1699 2452 iurisdic-

119 2477 245 2519 tionis
266 2478 549 2520 cumulativae
574 2493 776 2521 normam.

118 2543 162 2578 R.
181 2554 239 2586 ap.
261 2544 297 2578 S.
317 2544 364 2578 M.
389 2544 435 2578 M.
457 2544 564 2579 XXX
585 2546 656 2579 Mai
676 2548 760 2581 1753
780 2546 819 2581 Ρ.
839 2557 897 2579 an.
919 2546 1013 2581 XIII.

119 2652 216 2685 Bull.
240 2652 344 2687 Rom.
366 2671 409 2677 —
426 2653 526 2686 Ball.
546 2653 590 2686 de
606 2665 758 2697 propay.
778 2654 852 2696 fide
870 2653 944 2686 III.
964 2656 1038 2687 529.

202 2761 274 2806 65.
307 2759 359 2801 A.
377 2759 423 2801 P.
449 2760 499 2802 R.
520 2760 576 2801 M.
599 2764 793 2817 Colleyz'a
814 2768 852 2805 et
874 2770 1146 2805 seminaria.
1166 2786 1191 2792 -
1207 2760 1308 2803 Ben.
1330 2760 1444 2814 XIV,
1464 2767 1699 2816 exponente

121 2829 183 2871 Io.
206 2830 418 2872 Honorato
455 2831 497 2872 S.
520 2831 553 2872 I.
578 2845 743 2884 procur.
770 2845 862 2884 neg.
887 2831 1092 2873 Brasiliae
1127 2846 1261 2885 prov,
1292 2831 1469 2886 collegia
1503 2838 1545 2874 et
1574 2835 1697 2876 semi-

121 2902 240 2942 naria
261 2901 302 2944 S.
325 2901 360 2943 1.
383 2907 525 2943 erecta
554 2911 595 2943 et
624 2916 648 2943 a
669 2902 848 2956 Iosepho
880 2902 1048 2956 Portug.
1073 2907 1115 2944 et
1136 2903 1305 2956 Algarb.
1330 2917 1425 2956 rege
1455 2903 1695 2946 fidelissimo

120 2971 164 3012 in
197 2971 327 3013 Indiis
357 2973 554 3026 erigenda
584 2987 813 3027 eorumque
835 2973 1075 3026 collegiales
1111 2978 1154 3015 et
1188 2975 1399 3016 ministros
1420 2988 1445 3015 a
1479 2975 1697 3028 quibusvis

121 3043 280 3085 iuribus
300 3044 612 3097 parochialibus
633 3049 675 3086 et
695 3059 720 3086 a
739 3045 948 3100 parochiis
970 3059 1197 3100 earumque
1219 3045 1451 3088 rectoribus
1471 3047 1633 3098 eximit,
1657 3052 1699 3089 et
