1989 3252
259 204 436 250 Urban.
458 204 587 248 VIII.
935 227 990 232 —
1019 203 1098 243 310
1126 227 1182 235 —-
1715 204 1845 250 1624.

257 292 320 333 uti
341 292 503 345 possint
538 289 637 331 alba
670 290 713 330 in
736 296 854 343 parte
888 292 1098 331 anteriore
1135 294 1281 344 aperta
1312 295 1354 332 et
1375 290 1520 332 casula
1541 291 1669 332 etiam
1690 290 1743 331 ab
1764 305 1847 332 uno

255 362 387 403 latere
408 366 568 414 aperta.
593 385 648 391 —
668 360 729 401 Io.
758 360 853 402 Ant.
879 360 1130 402 Thomasius
1152 359 1194 402 S.
1220 360 1271 403 R.
1297 366 1339 402 et
1359 361 1413 403 U.
1434 361 1525 416 Inq.
1547 360 1762 403 Notarius.

257 428 323 462 fer.
346 428 386 460 V.
409 429 441 461 d.
462 431 503 462 21
524 427 632 461 Mart.
654 430 747 462 1624.

1490 521 1577 563 Rey.
1597 520 1685 553 bula.
1714 520 1752 555 V.
1775 523 1849 556 166.

340 634 408 677 18.
441 630 590 683 Congr.
635 630 678 671 S.
721 627 800 670 Off.
844 654 869 660 -
909 629 1109 670 Octavius
1155 630 1260 682 epus
1315 631 1573 671 Praenestin.
1616 630 1847 683 Bandinus,

258 701 433 743 Carolus
468 702 534 742 tit.
559 700 601 742 S.
625 700 812 742 Caesarii
846 699 1101 752 Madrntim,
1124 699 1303 742 Ioannes
1337 700 1507 742 Garzias
1528 702 1597 743 tit.
1621 701 1690 743 SS.
1714 704 1741 742 4
1761 715 1846 744 cor.

258 773 464 825 Millinus,
491 772 707 813 Fabricius
728 773 794 814 tit.
819 771 861 813 S.
886 772 991 825 Aug.
1019 770 1228 824 Verallus,
1251 771 1413 825 Gaspar
1429 773 1493 814 tit.
1519 772 1559 814 S.
1580 771 1649 814 Cr.
1667 773 1711 814 in
1726 773 1844 815 Hier.

258 845 422 898 Borgia‚
445 843 583 897 Scipio
618 844 686 884 tit.
725 842 766 885 S.
805 841 1035 893 Susannae,
1071 843 1121 884 fr.
1158 842 1300 884 Desid.
1339 842 1503 897 Scaglia
1536 845 1603 886 tit.
1642 843 1682 886 S.
1715 843 1846 886 Clem.

259 916 509 958 Cremonen.
533 914 701 969 presbb.
726 920 768 956 et
788 914 893 956 Lud.
918 913 959 956 S.
984 914 1160 956 Adriani
1182 914 1232 956 de
1261 914 1497 957 Lavallette
1527 915 1633 957 diac.
1658 915 1848 958 Gardd...

257 988 551 1043 Inquisitorem
593 986 626 1027 F
629 987 820 1028 rancisco
859 986 1019 1028 Paceco
1059 1000 1143 1028 sac.
1185 984 1227 1028 S.
1269 985 1305 1030 I.
1346 987 1600 1028 Provinciali
1638 989 1681 1028 in
1719 1001 1847 1043 regno

258 1060 460 1114 Iaponiae
494 1063 537 1100 et
572 1057 822 1100 sacerdotib.
849 1058 901 1098 ab
933 1071 981 1099 eo
1017 1057 1270 1111 deputandis
1299 1058 1515 1100 licentiam
1545 1058 1600 1100 ad
1627 1059 1849 1101 haeresum

258 1131 592 1173 confutationem
615 1130 850 1184 prohibitos
869 1129 998 1171 libros
1019 1129 1185 1183 legendi
1207 1133 1248 1171 et
1268 1130 1476 1172 retinendi
1497 1130 1703 1172 concedit.

257 1199 394 1233 Romae
412 1197 481 1233 XII
500 1197 575 1232 kal.
595 1198 681 1240 Apr.
703 1199 788 1232 1624
808 1196 848 1230 Ρ.
868 1207 927 1230 an.
947 1196 976 1231 I.

1490 1292 1581 1335 Req.
1600 1291 1689 1326 bula.
1716 1292 1754 1326 V.
1776 1294 1850 1327 165.

340 1405 408 1449 19.
447 1409 614 1446 Oceani
632 1403 863 1456 fluctibus.
884 1425 909 1431 -
925 1399 1087 1442 Urban.
1106 1399 1210 1442 VIII
1231 1401 1420 1454 iaponios
1437 1399 1599 1454 fideles,
1622 1414 1676 1442 ex
1696 1400 1849 1442 litteris

260 1489 405 1517 eorum
426 1474 480 1515 ad
500 1473 621 1514 Paul.
649 1471 682 1513 V
709 1473 876 1526 scriptis
898 1472 1049 1514 solatio
1079 1476 1271 1526 accepto,
1293 1476 1342 1513 ut
1361 1472 1558 1513 adversus
1578 1472 1849 1514 tenebrarum

260 1546 490 1600 principem
521 1549 562 1586 et
581 1544 866 1598 periculorum
896 1544 1115 1585 saevitiam
1145 1543 1275 1585 fortes
1305 1544 1389 1584 sint
1410 1543 1618 1596 hortatur,
1641 1542 1850 1597 significat

258 1618 544 1671 gratissimum
565 1616 646 1657 sibi
667 1616 796 1657 fuisse
817 1615 963 1657 audire
985 1629 1093 1669 quae
1114 1614 1319 1657 beneficia
1335 1615 1594 1668 Hieronymo
1612 1616 1663 1657 de
1679 1616 1850 1670 Angelis

260 1690 524 1743 caeterisque
546 1689 589 1730 S.
613 1687 648 1730 I.
673 1687 963 1729 sacerdotibus
984 1691 1161 1741 accepta
1180 1687 1379 1740 referant,
1402 1688 1537 1742 iisque
1560 1687 1784 1730 benedicit.

258 1756 300 1790 R.
320 1767 378 1799 ap.
400 1755 438 1790 S.
458 1755 500 1789 P.
521 1754 638 1790 XVIII
655 1754 745 1789 Maii
766 1757 848 1789 1624
869 1754 909 1787 Ρ.
931 1764 990 1787 an.
1011 1753 1039 1788 1.

1493 1847 1582 1891 Rey.
1603 1847 1691 1882 buli.
1717 1848 1753 1881 V.
1774 1849 1849 1883 177.

342 1961 417 2005 20.
455 1961 537 2003 sz'
556 1964 779 2003 iuventus.
802 1982 828 1987 —
850 1956 953 1999 Urb.
977 1956 1081 1998 VIII
1115 1957 1408 2009 magistratum
1438 1955 1724 1998 Sedunensem
1753 1958 1848 2000 hor-

259 2036 372 2072 tatur
392 2035 439 2071 ut
459 2029 747 2072 sacerdotibus
769 2028 811 2070 S.
835 2028 868 2069 I.
894 2028 1117 2081 collegium
1138 2027 1309 2082 aliquod
1330 2029 1373 2069 in
1393 2029 1564 2071 civitate
1587 2043 1664 2071 sua
1683 2030 1848 2084 patefa-

258 2104 357 2156 ciat,
380 2103 646 2157 gymnasium
669 2101 903 2155 sapientiae
924 2105 967 2141 et
986 2113 1128 2146 arcem
1148 2101 1298 2153 pietati
1319 2105 1624 2143 exstructurus.

258 2171 302 2206 R.
320 2181 380 2213 ap.
400 2170 437 2204 S.
456 2170 505 2205 M.
526 2169 576 2204 M.
597 2168 704 2204 XXII
720 2169 787 2203 Iun
808 2168 848 2201 P.
864 2178 923 2201 an.
945 2168 972 2202 I.

257 2264 328 2297 Iul.
348 2263 516 2307 Poyiani
530 2265 636 2306 epist.
656 2263 706 2296 II.
731 2264 803 2297 171.

339 2374 407 2418 21.
442 2379 518 2418 Eoe
538 2359 743 2416 z'nz‘uhcto
764 2375 909 2417 nobis.
947 2395 973 2402 -
1008 2369 1169 2414 Urban.
1202 2370 1323 2426 VIII,
1346 2372 1489 2414 citatis
1522 2373 1603 2415 litt.
1643 2373 1765 2415 Pauli
1785 2372 1845 2427 II,

259 2451 367 2488 Cum
388 2449 436 2488 m
460 2459 580 2488 omn.
604 2447 804 2494 iudiciis,
845 2446 967 2499 1465,
1009 2442 1060 2486 V.
1098 2444 1155 2487 id.
1194 2442 1314 2497 Maii,
1351 2445 1593 2498 petentibus
1632 2446 1846 2499 perpetuis

257 2515 427 2556 vicariis
457 2528 582 2556 nunc.
607 2515 651 2555 in
685 2514 788 2555 eccl.
819 2515 1062 2557 Cracovien.
1094 2519 1137 2557 et
1156 2520 1258 2557 rect.
1282 2519 1323 2557 et
1343 2515 1597 2568 collegialib.
1620 2516 1717 2558 coll.
1742 2515 1784 2558 S.
1809 2516 1843 2558 Ι.

256 2587 519 2638 Oracovien.,
545 2586 717 2627 mandat
752 2590 829 2640 eps)
860 2586 1107 2629 Cracovien.
1130 2592 1174 2628 et
1194 2587 1357 2628 custodi
1387 2587 1492 2628 eccl.
1515 2587 1757 2629 Cracovien.
1781 2592 1847 2640 ut,

257 2659 292 2698 si
313 2659 357 2698 in
378 2657 631 2709 evidentem,
655 2657 907 2699 confirment
941 2659 1227 2700 venditionem
1248 2658 1426 2699 duarum
1446 2658 1614 2700 aedium
1643 2672 1749 2713 quas
1771 2658 1842 2701 dd.

257 2730 337 2770 vic.
362 2730 404 2769 in
425 2728 465 2770 d.
491 2729 568 2770 civ,
595 2729 757 2769 ratione
791 2734 1093 2783 perpetuorum
1130 2728 1429 2772 beneficiorum
1450 2729 1682 2783 possident,
1704 2731 1846 2772 ruino-

254 2814 399 2842 sarum
434 2814 495 2842 vz.
520 2800 693 2853 (valoris
727 2800 770 2841 in
805 2815 947 2855 propr.
972 2803 1068 2854 690,
1091 2801 1209 2843 redd.
1233 2802 1287 2843 32
1321 2800 1413 2842 duc.
1439 2804 1553 2855 aur.)
1574 2801 1709 2855 pretio
1739 2803 1846 2844 3400

257 2871 302 2915 fl.
325 2885 399 2913 seu
419 2871 501 2913 782
522 2871 617 2913 duc.

253 2939 300 2974 R.
320 2950 377 2983 ap.
399 2939 435 2973 S.
455 2939 505 2973 M.
525 2940 575 2974 M.
596 2939 677 2975 VIII
695 2939 743 2973 id.
762 2940 830 2974 Iul.
854 2942 937 2975 1624
956 2940 998 2974 P.
1019 2951 1077 2974 an.
1096 2940 1123 2976 Ι.

1487 3051 1578 3095 Req.
1596 3050 1684 3086 buu.
1711 3050 1750 3093 V,
1770 3052 1847 3088 170.
