1989 3252
95 198 273 242 Urban.
293 197 423 241 Vm.
760 217 814 224 —
843 196 923 235 345
951 219 1007 224 —
1149 220 1152 223 -
1545 193 1676 238 1635,

94 288 237 325 tamen
254 283 487 337 superiores
503 283 684 324 maiores
700 281 829 323 semel
845 282 888 322 in
905 295 1014 323 anno
1031 281 1135 323 alios
1151 280 1427 322 confessarios
1447 279 1663 333 deputare.

93 349 135 384 R.
156 360 214 392 ap.
235 348 271 384 S.
292 349 341 383 M.
360 349 408 384 M.
430 348 557 385 XXXI
574 350 666 390 Aug.
688 349 772 383 1635
793 348 831 380 Ρ.
849 358 907 381 an.
928 347 1024 383 XIII.

92 469 185 504 Νου.
206 470 292 504 buu.
313 470 346 504 S.
367 470 396 503 Ι.
416 471 489 504 171.
1278 467 1363 511 Ray.
1383 467 1470 501 hall.
1498 467 1555 502 VI.
1574 470 1616 502 63
1633 467 1667 501 b.

179 593 275 635 171.
310 597 467 646 Nuper
480 604 571 646 pro
588 595 735 646 parte.
760 614 786 620 —
806 588 966 630 Urban.
1004 587 1123 639 VIII,
1159 587 1397 641 petentibus
1431 587 1677 628 officialibus

100 665 141 702 et
160 660 441 702 confratribus
461 659 592 701 confr.
617 659 659 701 S.
684 658 840 700 Rocchi
869 664 1009 710 terrae
1044 658 1228 699 Bussetti
1261 659 1385 711 Burgi
1420 658 1460 700 S.
1500 658 1669 712 Donini,

99 731 270 773 mandat
290 734 367 784 ep&
388 735 430 773 et
450 731 688 783 primicerio
709 729 809 771 eccl.
835 730 961 783 Burgi
982 729 1024 772 S.
1048 729 1200 771 Donini
1221 735 1282 782 ut,
1301 731 1336 770 si
1357 730 1399 770 in
1421 729 1672 780 evidentem,

97 801 316 844 confirmet
334 801 630 854 venditionem,
654 814 726 855 pro
748 801 844 842 coll.
868 800 909 843 S.
934 800 970 842 Ι.
1000 801 1040 842 d.
1078 806 1229 848 terrae,
1254 801 1401 842 domus
1436 801 1478 841 in
1512 801 1598 841 situ
1631 800 1670 842 d.

94 873 189 915 coll.
213 873 448 924 existentis,
471 873 624 914 valoris
644 873 686 913 in
708 885 848 925 propr.
873 873 940 922 75,
963 871 1078 914 redd.
1104 873 1233 913 annui
1253 874 1279 912 4
1299 877 1405 913 scut.

92 937 137 973 R.
156 949 214 981 ap.
235 938 271 972 S.
293 938 342 972 M.
362 937 411 972 M.
431 938 466 973 X
485 937 584 980 Sept.
611 940 692 972 1635
711 937 751 971 P.
772 947 829 971 an.
848 937 947 971 XIII.

1321 1058 1406 1100 Req.
1426 1058 1513 1091 bun.
1538 1058 1598 1091 VI.
1618 1061 1674 1093 66.

180 1181 279 1225 172.
313 1186 469 1236 Nuper·
498 1194 583 1236 pro
615 1185 759 1235 parte.
798 1203 824 1209 -
858 1178 1017 1220 Urban.
1056 1178 1176 1231 VIII,
1213 1179 1452 1231 petentibus
1495 1183 1595 1219 rect.
1634 1183 1677 1219 et

98 1251 262 1292 clericis
291 1250 422 1303 regul.
455 1250 549 1292 coll.
575 1250 617 1292 S.
641 1249 675 1292 Ι.
705 1255 842 1291 terrae
878 1249 1063 1291 Bussetti
1097 1250 1223 1302 Burgi
1258 1250 1297 1291 S.
1337 1250 1488 1291 Donini
1524 1250 1673 1301 dioec„

97 1321 270 1363 mandat
289 1325 367 1374 ep&
389 1325 430 1362 et
450 1322 686 1374 primicerio
709 1321 810 1362 eccl.
832 1320 960 1374 Burgi
983 1321 1024 1362 S.
1045 1320 1196 1362 Donini
1218 1326 1280 1373 ut,
1300 1322 1331 1361 si
1356 1322 1398 1361 in
1420 1321 1673 1373 evidentem,

96 1393 343 1434 confirment
363 1394 716 1445 permutationem
747 1392 894 1433 domus
926 1393 1077 1433 valoris
1108 1393 1150 1433 in
1181 1406 1321 1446 propr.
1345 1395 1412 1444 60,
1435 1392 1550 1433 redd.
1576 1406 1673 1434 ann.

96 1467 121 1506 3
145 1465 208 1517 1J2
229 1477 271 1505 sc
309 1478 403 1505 cum
425 1464 705 1505 confratribus
726 1464 856 1505 confr.
881 1463 928 1505 B.
954 1464 1012 1504 M.
1036 1463 1088 1505 de
1116 1463 1289 1505 Rosario
1326 1478 1398 1517 pro
1433 1464 1518 1504 alia
1554 1464 1674 1505 domo

94 1536 138 1576 in
158 1539 350 1576 contrata
370 1535 411 1577 S.
437 1536 610 1576 Antonii
631 1535 712 1576 val.
738 1537 781 1576 in
802 1549 921 1588 prop.
946 1538 1013 1586 50,
1040 1534 1154 1576 redd.
1179 1549 1275 1576 ann.
1301 1538 1324 1577 3
1347 1549 1404 1576 sc.

94 1602 138 1636 R.
158 1613 215 1644 ap.
237 1601 273 1635 S.
292 1602 340 1636 M.
361 1601 410 1636 M.
431 1602 465 1637 X
485 1601 584 1644 Sept.
606 1604 689 1637 1635
708 1601 747 1636 Ρ.
768 1613 825 1635 an.
845 1601 942 1636 XIII.

1282 1717 1369 1760 Rey.
1390 1717 1477 1750 bull.
1508 1717 1562 1751 VI.
1582 1720 1624 1752 66
1642 1718 1674 1751 b.

179 1841 275 1884 173.
310 1845 467 1894 Nuper
484 1853 570 1894 pro
585 1844 735 1894 parte.
759 1862 783 1868 -
805 1836 967 1878 Urban.
1004 1836 1123 1889 VIII,
1157 1837 1394 1890 petentibus
1425 1839 1607 1891 capitulo
1637 1843 1679 1880 et

97 1910 307 1951 canonicis
337 1909 439 1951 eccl.
474 1909 514 1949 S.
548 1908 858 1949 Bartholomaei
889 1913 1026 1949 terrae
1059 1907 1241 1949 Bussetti
1273 1908 1399 1961 Burgi
1445 1908 1485 1950 S.
1525 1909 1678 1951 Donini

95 1981 248 2033 dioec.,
267 1979 439 2021 mandat
455 1981 650 2033 episcopo
667 1979 794 2032 Burgi
811 1980 837 2021 S
873 1979 1026 2021 Donini
1047 1984 1089 2021 et
1110 1981 1348 2032 primicerio
1378 1979 1481 2020 eccl.
1507 1984 1553 2020 ut
1582 1993 1679 2020 con—

92 2052 276 2102 firment,
299 2052 334 2092 si
363 2052 405 2091 in
436 2051 688 2103 evidentem,
711 2050 995 2092 venditionem
1028 2051 1174 2092 domus
1205 2052 1246 2091 in
1278 2052 1359 2091 situ
1390 2050 1483 2091 coll.
1508 2050 1548 2092 S.
1573 2050 1608 2091 I.
1632 2051 1673 2092 d.

93 2127 230 2164 terrae
247 2124 353 2164 sitae
375 2127 417 2163 et
432 2121 484 2162 ad
507 2135 693 2163 mensam
717 2122 994 2174 capitularem
1015 2123 1242 2175 spectantis
1258 2136 1332 2175 pro
1349 2122 1387 2162 d.
1410 2121 1522 2173 coll.,
1540 2122 1675 2175 pretio

100 2194 148 2234 17
198 2207 254 2235 sc.

96 2259 137 2293 R.
152 2196 215 2302 gp.
236 2259 272 2293 S.
291 2260 339 2294 M.
363 2259 411 2293 M.
430 2259 479 2293 xl
501 2259 599 2300 Sept.
621 2261 704 2294 1635
725 2259 762 2293 Ρ.
783 2270 841 2292 an.
861 2259 958 2294 XIII.

1327 2369 1411 2411 Rey.
1428 2369 1514 2402 hucl.
1542 2370 1599 2402 VI.
1619 2372 1674 2404 67.

180 2491 274 2534 174.
308 2497 492 2544 Expone·
511 2492 639 2532 nohis
658 2503 818 2544 nuper.
844 2513 868 2517 -
890 2487 1049 2527 Urban.
1073 2485 1174 2527 VIII
1190 2487 1340 2527 rectori
1358 2490 1400 2526 et
1422 2487 1558 2539 presb.
1578 2486 1621 2528 S.
1641 2487 1675 2528 I.

95 2575 189 2614 opp.
213 2559 406 2612 Friburgi
426 2559 660 2600 Lausanen.
685 2558 816 2600 dioec.
843 2558 1048 2611 permittit
1083 2557 1334 2610 emptionem
1367 2558 1610 2598 monasterii
1632 2558 1682 2599 de

93 2631 192 2672 Alta
213 2629 367 2671 Christi
389 2630 509 2683 vulgo
534 2630 738 2682 Aulcrest,
763 2628 1008 2670 Cistercien.
1042 2627 1140 2669 Ord.
1175 2628 1286 2668 infra
1316 2628 1472 2669 limites
1503 2628 1677 2670 dominii

92 2701 336 2754 temporalis
356 2701 532 2752 Bernae,
556 2700 746 2742 habentis
767 2700 843 2741 sub
865 2713 909 2741 se
932 2704 1123 2740 tenutam
1148 2698 1267 2740 Sales
1290 2712 1411 2739 nunc.
1438 2699 1547 2740 infra
1567 2699 1677 2740 limi-

93 2777 156 2813 tes
176 2772 321 2813 iurisd.
348 2776 519 2824 tempor.
546 2772 714 2813 sculteti
734 2777 776 2813 et
802 2771 1074 2823 magistratus
1096 2769 1294 2822 Friburgi
1316 2770 1457 2821 sitam,
1481 2770 1531 2811 de
1558 2771 1677 2811 cuius

93 2849 265 2884 tenutae
285 2843 496 2895 emptione
515 2842 602 2882 fere
622 2843 881 2881 transactum
903 2846 967 2879 est
988 2838 1097 2879 inter
1118 2838 1366 2893 Friburgum
1388 2846 1430 2882 et
1450 2840 1646 2882 Bernam.

93 2909 135 2943 R.
155 2920 213 2951 ap.
234 2909 270 2942 S.
290 2909 336 2942 M.
357 2908 407 2942 M.
425 2907 515 2942 XXI
531 2908 621 2942 Nov.
639 2908 722 2941 1635
740 2905 780 2939 Ρ.
801 2915 859 2938 an.
879 2903 977 2938 XIII.

1268 3014 1353 3056 Rey.
1374 3013 1462 3048 bun.
1492 3015 1549 3050 VI.
1568 3018 1621 3050 67.
1642 3015 1674 3048 b.
