1989 3252
73 176 237 219 Innoc.
258 174 342 217 XI.
744 196 798 201 —
825 172 902 211 411
935 195 990 200 -—
1518 167 1650 210 1689.

159 263 230 304 44.
265 259 306 301 S.
325 259 474 312 Congr.
500 259 550 300 de
572 272 690 311 prop.
715 256 813 299 fide.
836 283 861 288 —
882 257 1104 298 Decretum
1135 267 1261 308 super
1289 253 1414 294 rebus
1443 252 1652 304 Sinarum,

80 344 161 384 quo
182 329 451 383 suspenditur
469 330 749 370 iuramentum
772 328 1046 368 missionariis
1067 326 1386 379 praescriptum,
1409 324 1467 365 sic
1496 324 1654 364 instan-

78 401 190 442 tibus
213 401 294 441 PP.
318 400 388 441 SS.
413 399 637 450 Dominici,
661 399 883 451 Augustini
914 404 955 439 et
984 398 1015 438 F
1018 397 1210 447 rancisci,
1234 394 1364 436 donec
1394 394 1520 435 aliter
1540 410 1549 446 3
1571 393 1655 434 illis

77 475 220 512 tamen
256 470 506 523 iniungendo
542 474 589 510 ut
622 469 713 510 Vic.
739 470 982 522 apostolicis
1015 481 1059 509 se
1094 466 1334 516 subiiciant,
1357 465 1440 505 litt.
1464 468 1655 517 patentes

80 541 327 593 exhibeant,
364 546 406 582 et
439 541 510 583 lic.
548 544 693 594 petant
726 554 823 581 suas
857 540 1080 581 facultates
1114 535 1352 588 exercendi,
1375 549 1484 589 quae
1514 539 1656 576 tamen

77 614 167 654 sine
187 613 303 665 gravi
325 625 452 652 causa
487 612 529 654 S.
554 611 871 663 Congregationi
898 607 1244 651 communicanda
1277 607 1421 659 negari
1456 611 1653 660 nequeat.

77 683 132 724 Et
152 696 234 724 non
255 687 471 724 mutentur
490 682 739 723 inconsultis
761 682 909 723 iisdem
932 681 1024 722 Vic.
1048 678 1305 733 apostolicis.

74 751 116 783 23
134 748 223 783 Nov.
244 750 339 783 1688.

1398 851 1549 885 Elench.
1569 851 1658 884 bun.

165 965 237 1015 45.
269 963 311 1006 S.
334 963 486 1016 Congr.
513 963 563 1004 de
585 977 702 1016 prop.
728 963 825 1005 fide.
850 988 875 994 -
897 962 1138 1013 Decretum,
1160 974 1240 1015 quo
1275 960 1512 1001 declaratur
1546 957 1657 999 decr.

81 1035 134 1074 23
155 1032 261 1075 Nov.
286 1034 424 1087 quoad
446 1035 759 1087 suspensionem
782 1034 1011 1075 iuramenti
1035 1046 1125 1074 esse
1158 1038 1379 1073 extensum
1410 1030 1463 1071 ad
1497 1028 1537 1070 S.
1561 1028 1596 1070 1.
1620 1034 1662 1070 et

83 1103 193 1157 quod
214 1104 261 1146 P.
286 1104 503 1146 Generalis
524 1106 755 1159 praecipiat
776 1105 856 1146 PP.
881 1104 1098 1146 Ferreirae
1120 1109 1162 1144 et
1181 1102 1378 1144 Candono
1409 1106 1454 1142 ut
1483 1114 1508 1141 a
1535 1113 1661 1152 regno

82 1174 333 1217 Cocincinae
356 1175 559 1217 accedant
579 1176 631 1218 ad
651 1175 825 1217 Urbem.

84 1242 122 1274 14
141 1240 226 1274 Dec.
248 1243 344 1277 1688.

1401 1346 1554 1381 Elench.
1573 1346 1663 1381 bull.

163 1464 234 1507 46.
275 1466 496 1517 Acceptus
518 1475 662 1517 supra
685 1475 838 1516 quam.
862 1484 888 1489 -
908 1458 1051 1499 Innoc.
1074 1456 1134 1498 XI
1156 1457 1241 1510 regi
1264 1456 1393 1497 Siami
1413 1454 1463 1496 de
1484 1454 1665 1495 adventu

85 1531 131 1573 P.
156 1531 347 1573 Tachard
370 1530 410 1572 S.
435 1530 470 1572 I.
499 1531 552 1572 ab
574 1544 621 1572 eo
643 1531 768 1583 legati
796 1529 1017 1583 significat,
1041 1528 1091 1570 de
1126 1541 1204 1581 ope
1238 1527 1429 1580 religioni
1463 1526 1665 1579 praestita

88 1603 340 1656 gratulatur,
364 1616 544 1656 eumque
564 1601 839 1643 commendat.

93 1668 137 1703 R.
159 1679 217 1711 ap.
239 1668 277 1702 S.
298 1669 348 1703 M.
369 1667 705 1703 M.V1113n.1689
723 1667 763 1700 P.
783 1678 840 1700 an.
861 1666 960 1702 XIII.

86 1777 190 1812 Ball.
205 1783 309 1821 patr.
332 1777 490 1821 Portuq.
510 1777 562 1817 II,
580 1788 603 1818 p
638 1779 711 1817 190,
731 1776 918 1817 Hermwz,
941 1775 1124 1809 Colace-ion
1142 1774 1197 1808 II.
1216 1776 1291 1808 954.
