1989 3252
128 209 205 253 Pii
225 209 279 254 V.
787 232 840 238 ——
868 208 948 249 513
978 233 1031 238 —
1582 211 1712 257 1573.

128 293 334 336 vendendi
348 293 562 336 licentiam
578 294 785 346 concedit,
797 295 890 335 aliis
907 294 960 335 ad
976 294 1224 338 decennium
1241 295 1283 337 id
1304 295 1443 338 facere
1463 296 1700 350 prohibitis.

126 360 171 396 R.
192 371 250 403 ap.
270 360 306 395 S.
327 360 368 395 P.
389 360 510 395 XXIV
529 359 627 403 Sept.
650 363 746 396 1569.
766 361 806 395 Ρ.
826 371 885 395 an.
906 360 967 396 IV.

124 467 406 502 Authoritatum
425 469 460 502 S.
478 469 609 512 Script.
629 475 662 502 et
678 469 738 503 SS.
756 469 956 504 Pan-um...
979 470 1076 503 Pars
1090 472 1219 511 prima
1239 470 1427 511 Coloniae,
1451 474 1545 505 1569.

206 587 298 633 43.2
332 595 437 632 Cum
459 592 734 644 apostolieae
752 597 887 633 vocis.
925 614 950 619 -
986 588 1085 630 Pius
1120 588 1156 630 V
1190 590 1431 631 consulibus
1467 595 1509 631 et
1539 589 1705 631 senatui

126 659 364 701 Coloniensi
402 660 668 701 commendat
706 660 925 713 collegium
970 661 1011 702 S.
1050 660 1086 703 Ι.
1129 661 1242 714 apud
1276 674 1348 703 eos
1384 661 1624 702 institutum
1662 665 1704 701 et

124 730 394 772 vehementer
442 731 619 784 requirit
655 740 703 772 ut
737 732 826 772 eius
861 731 1025 772 sodales
1060 733 1103 772 in
1139 733 1204 773 sui
1243 731 1432 773 Instituti
1465 733 1628 773 ratione
1663 735 1706 772 et

122 801 317 843 libertate
338 815 364 842 a
383 806 548 856 rectore
569 806 611 842 et
632 803 905 843 universitate
927 802 967 843 d.
992 803 1071 843 ciV.
1096 803 1382 844 conservanda
1400 807 1614 844 tueantur.

124 869 164 902 R.
183 878 241 911 ap.
262 867 298 902 S.
322 867 362 902 P.
381 868 431 902 III
451 869 514 902 lul.
535 870 631 903 1570.
655 868 694 902 P.
714 878 772 903 an.
797 868 836 902 V.

122 975 319 1019 Laderchi,
337 977 436 1011 Aom.
455 979 538 1011 eccl.
557 977 608 1011 ad
625 976 661 1012 h.
681 988 715 1011 α.
737 989 774 1012 η.
796 979 849 1012 22.

200 1102 295 1146 49.²
312 1102 361 1142 A.
383 1100 428 1143 P.
449 1100 499 1144 R.
520 1100 577 1143 M.
598 1108 756 1158 Eoeiye'c
776 1106 1080 1147 incumbentis
1099 1106 1228 1147 nobis
1247 1108 1398 1158 officii.
1418 1127 1444 1134 -
1463 1102 1564 1144 Pius
1579 1102 1631 1156 V,
1649 1103 1703 1145 ad

121 1186 264 1226 preces
283 1172 334 1214 A.
358 1171 407 1213 R.
433 1172 478 1215 P.
503 1172 721 1214 Generalis
745 1172 836 1214 Soc.
861 1172 974 1225 Iesu,
998 1178 1045 1214 ut
1061 1187 1113 1215 ex
1130 1174 1339 1215 sexcentis
1356 1173 1518 1216 ducatis
1535 1175 1701 1227 annuis,

119 1257 227 1298 quae
260 1244 380 1285 iuxta
415 1247 715 1285 testamentum
751 1244 792 1285 b.
816 1258 872 1285 m.
897 1243 1059 1285 Mariae
1080 1243 1132 1286 de
1161 1244 1436 1286 Sanseverina
1465 1246 1702 1286 comitissae

117 1315 213 1357 coll.
237 1314 279 1357 S.
303 1314 338 1356 Ι.
376 1315 558 1356 civitatis
594 1314 862 1367 Tarentinae,
886 1315 938 1356 ad
975 1315 1177 1356 fabricam
1208 1315 1425 1357 Ecclesiae
1462 1316 1500 1357 d.
1535 1316 1700 1369 collegii

117 1386 413 1440 perficiendam
432 1386 598 1437 dantur,
621 1400 716 1427 cum
736 1388 818 1427 iam
836 1400 932 1440 pars
950 1386 990 1427 d.
1010 1387 1212 1428 ecclesiae
1233 1388 1336 1428 satis
1354 1401 1486 1441 capax
1508 1387 1702 1428 aedifica-

117 1462 161 1499 ta
175 1458 244 1509 sit,
256 1446 617 1498 ducenta'tantum
635 1457 688 1498 ad
704 1458 899 1499 eumdem
915 1456 1042 1498 finem
1060 1458 1372 1510 impendantur,
1394 1458 1487 1499 aliis
1504 1458 1701 1512 quadrin—

114 1529 249 1582 gentis
284 1528 449 1569 ducatis
484 1529 527 1569 in
562 1528 881 1570 subventionem
917 1536 958 1570 et
988 1530 1338 1570 sustentationem
1360 1542 1632 1582 personarum
1657 1529 1696 1570 d.

118 1599 281 1653 collegii
316 1599 644 1651 remanentibus,
667 1600 960 1641 commutando
995 1599 1199 1652 indulget.
1237 1599 1416 1652 Insuper
1450 1606 1496 1641 ut
1531 1614 1613 1641 non
1650 1602 1698 1641 10

117 1671 354 1712 sacerdotes
376 1670 417 1711 d.
441 1670 630 1723 collegio,
653 1672 715 1711 uti
737 1670 904 1712 volebat
926 1670 965 1712 d.
989 1671 1203 1722 testatrix,
1226 1671 1299 1711 sed
1333 1675 1395 1712 tot
1426 1675 1528 1724 quot
1557 1684 1698 1712 neces—

116 1742 250 1782 sarios
279 1741 466 1782 iudicant
487 1742 723 1794 superiores
744 1743 781 1782 ei
802 1741 1113 1792 adscribantur,
1138 1740 1319 1795 denique
1339 1747 1386 1782 ut
1406 1746 1567 1794 partem
1588 1742 1697 1783 horti

114 1811 369 1865 superfluam
405 1812 444 1854 d.
482 1811 644 1864 collegii
679 1811 940 1853 adiacentem
975 1812 1017 1852 in
1048 1811 1330 1865 emphiteusin
1361 1817 1607 1864 perpetuam
1643 1811 1695 1852 ad

113 1882 394 1924 aedificandas
415 1883 572 1935 domos,
591 1896 697 1936 quae
719 1896 801 1924 non
822 1882 1007 1923 habeant
1027 1886 1292 1936 prospectum
1314 1883 1356 1923 iu
1372 1882 1538 1923 hortum
1554 1882 1628 1923 sed
1649 1883 1691 1922 in

113 1954 223 1996 viam
257 1954 486 2008 publicam,
518 1967 600 2008 quo
633 1954 766 1994 maior
798 1953 1084 2006 religiosorum
1114 1953 1287 1994 libertas
1318 1959 1484 1994 maneat
1515 1953 1692 2006 benigne

114 2023 318 2077 indulget.

112 2089 156 2125 R.
175 2101 232 2133 ap.
253 2090 290 2125 S.
310 2090 350 2125 P.
372 2089 450 2125 VIII
466 2090 533 2125 Iul.
555 2092 637 2125 1571
657 2090 697 2124 P.
718 2101 776 2123 an.
798 2089 858 2125 VI.

1263 2199 1387 2239 Fund.
1405 2200 1523 2246 Neap.
1544 2207 1569 2238 t.
1588 2201 1692 2237 XIII.

521 2400 1024 2474 GREGORII
1072 2400 1295 2473 XIII.

191 2596 282 2641 15.²
313 2600 438 2640 Nmzl
456 2603 519 2640 est
539 2599 659 2652 quod
677 2598 822 2639 nobis.
844 2619 869 2625 -
890 2594 1010 2647 Greg.
1035 2593 1139 2635 XIII
1158 2593 1333 2635 Alberto
1354 2593 1559 2634 Bavariae
1590 2592 1686 2634 duci

109 2667 374 2708 commendat
406 2677 453 2708 ut
487 2681 582 2708 cum
616 2666 801 2719 capitulo
837 2670 933 2718 agat
968 2665 1018 2706 de
1049 2669 1289 2706 successore
1318 2668 1396 2717 epo
1427 2664 1551 2716 digno
1572 2669 1685 2705 etue

109 2737 210 2791 quid
224 2737 466 2779 detrimenti
486 2738 665 2792 accipiat
685 2737 902 2789 collegium
925 2736 1131 2788 Dilingae.

108 2803 149 2838 R.
170 2814 227 2846 ap.
248 2803 285 2838 S.
305 2804 346 2839 P.
366 2804 415 2839 VI
430 2805 518 2847 Apr.
538 2807 623 2839 1573
640 2804 805 2838 P-an.1.

108 2910 276 2950 Theiner,
295 2922 385 2946 ann.
405 2913 488 2946 eccl.
508 2912 554 2945 ad
572 2915 608 2945 h.
627 2915 662 2945 ὰ.
681 2922 718 2944 n.
740 2912 791 2945 10.

185 3019 274 3064 15.³
296 3026 420 3065 Inter
437 3026 631 3064 caetera.
650 3042 676 3048 -
692 3017 814 3070 Greg.
831 3017 935 3058 XIII
951 3017 1162 3059 canonicis
1179 3022 1221 3058 et
1236 3015 1420 3070 capitulo
1437 3016 1681 3069 Augustano
