1989 3252
262 204 400 259 Greg-
425 203 562 247 XIII.
939 227 993 232 —
1022 202 1102 243 518
1132 227 1186 232 —
1719 205 1848 248 1578.

259 290 474 331 Canisium
510 290 722 342 iesuitam,
758 291 890 331 virum
921 303 972 340 ea
1002 289 1192 331 doctrina
1225 295 1269 331 et
1304 290 1504 344 religione
1534 303 1661 345 quam
1706 303 1850 331 omnes

258 366 425 402 norunt.

255 428 299 462 R.
319 438 376 470 ap.
398 427 433 461 S.
455 426 495 461 P.
519 427 546 460 V
568 428 652 470 Apr.
678 429 759 462 1578
779 427 819 462 P.
840 439 898 461 an.
921 427 981 460 Vl.

261 536 431 577 nemer,
449 547 540 569 ann.
562 536 643 569 eccl.
665 536 714 569 ad
732 539 767 569 h.
788 547 823 570 α.
843 548 879 569 n.
902 539 955 570 21.

337 645 453 689 114.Ξ
489 651 580 691 Quo
601 649 755 701 mclgytfs
773 653 1002 702 cupimus.
1040 670 1066 675 —
1100 645 1221 698 Greg.
1260 645 1364 686 XIII
1399 645 1576 699 Georgio
1616 645 1848 687 Radzivilio

253 717 439 769 episcopi
467 716 635 757 Vilnen.
659 716 888 758 coadiutori
922 718 1083 770 petenti
1119 718 1286 758 nomine
1325 718 1442 759 ducis
1480 718 1624 759 fratris
1657 719 1722 759 sui
1757 732 1851 760 ossa

255 789 388 841 patris
410 788 613 829 haeretici
635 789 678 828 in
700 802 865 830 sacrum
887 790 1093 842 templum
1113 789 1394 831 transferendi
1423 790 1656 843 licentiam,
1679 804 1849 844 respon-

257 859 327 900 det
360 859 439 901 hoc
475 860 592 901 salva
626 862 881 901 conscientia
922 860 1015 901 fieri
1049 875 1132 902 non
1168 875 1287 914 posse
1328 877 1335 902 :
1382 862 1582 915 cogitanti
1617 863 1848 903 cessionem

253 931 540 974 coadiutoriae
561 937 606 972 ut
629 931 683 973 ad
705 932 994 985 religiosorum
1016 934 1147 974 vitam
1169 947 1213 974 se
1243 930 1450 983 conferat,
1475 933 1660 975 ostendit
1689 933 1733 974 id
1762 947 1845 975 non

255 1003 420 1056 decere,
444 1007 486 1044 et
508 1004 701 1045 hortatur
721 1018 773 1045 ne
794 1005 884 1045 sine
905 1009 1042 1058 apost.
1065 1006 1336 1046 concessione
1357 1005 1400 1046 id
1422 1005 1566 1047 faciat.

254 1070 295 1104 R.
316 1081 372 1113 ap.
397 1070 432 1104 S.
454 1070 494 1105 P.
516 1071 580 1105 ult.
602 1072 688 1114 Apr.
712 1073 795 1105 1578
816 1071 856 1105 P.
877 1082 936 1105 an.
959 1071 1018 1106 VI.

255 1178 426 1219 Theiner,
446 1191 538 1214 mm.
558 1183 638 1213 eccl.
660 1180 710 1213 ad
728 1179 763 1214 72.
785 1191 819 1212 α.
839 1192 878 1214 n.
899 1181 951 1215 48.

336 1300 454 1344 114.³
488 1307 790 1356 Coynom‘mus
809 1316 870 1344 ese
890 1304 1070 1345 lz'tcem's.
1095 1326 1120 1331 —
1142 1301 1263 1354 Greg.
1288 1301 1392 1343 XIII
1408 1301 1584 1344 Nicolao
1603 1303 1842 1357 Christoph.

254 1370 486 1413 Radzivilio
509 1372 606 1412 duci
628 1371 771 1413 Olicae
794 1372 1003 1424 significat
1024 1386 1068 1414 se
1089 1373 1309 1415 consilium
1332 1374 1475 1415 fratris
1511 1375 1552 1415 in
1583 1376 1848 1428 episcopatus

252 1444 516 1485 successione
538 1443 770 1485 deserenda
792 1449 834 1485 et
854 1444 1143 1497 religiosorum
1165 1446 1253 1487 vita
1273 1446 1556 1499 suscipienda,
1580 1446 1631 1488 de
1661 1460 1743 1501 quo
1774 1461 1849 1500 per

251 1514 346 1555 Nic.
370 1515 524 1556 certior
543 1515 679 1556 factus
701 1520 764 1556 est
798 1516 1075 1570 improbasse,
1099 1521 1143 1558 at
1171 1531 1225 1558 ex
1260 1531 1315 1560 ss.
1340 1517 1572 1559 canonibus
1608 1532 1691 1559 non
1728 1532 1847 1572 posse

251 1586 494 1627 satisfacere
514 1591 610 1628 voto
631 1587 914 1629 transferendi
934 1602 1029 1630 ossa
1051 1594 1226 1642 paterna
1247 1590 1289 1630 in
1312 1603 1476 1630 sacrum
1499 1590 1703 1643 templum

252 1652 291 1686 H.
313 1663 371 1695 ap.
392 1652 414 1686 S
450 1652 489 1686 P.
511 1653 575 1686 ult.
600 1654 685 1696 Apr.
709 1656 793 1689 1578
811 1654 851 1688 P.
872 1665 930 1687 an.
952 1654 1011 1689 VI.

251 1760 423 1802 leeiner,
443 1773 533 1795 ann.
554 1762 636 1795 eccl.
657 1762 719 1796 ad.
740 1762 764 1795 h
796 1774 830 1795 a.
853 1775 888 1796 n.
911 1766 963 1798 48.

333 1882 457 1926 120.2
489 1885 608 1926 Aliis
627 1886 1002 1939 quoquellllem’s.
1041 1908 1067 1913 -
1102 1883 1224 1937 Greg.
1263 1884 1367 1925 XIII
1403 1885 1578 1939 Georgio
1614 1886 1845 1927 Radzivilio

250 1953 435 2007 episcopi
456 1953 623 1996 Vilnen.
649 1954 783 1996 coadi.
809 1955 1020 2008 significat
1043 1955 1159 1997 nullo
1183 1956 1306 1998 modo
1328 1957 1410 1998 sibi
1428 1957 1600 2011 probari
1622 1958 1843 1999 consilium

249 2026 341 2066 eius
362 2025 601 2078 deponendi
622 2025 925 2068 coadiutoriam
948 2041 1076 2082 seque
1106 2027 1159 2068 ad
1189 2029 1437 2071 iesuitarum
1466 2029 1666 2071 Ordinem
1703 2031 1844 2072 confe-

248 2095 384 2148 rendi,
422 2096 594 2138 adducit
629 2097 742 2139 Petri
778 2098 970 2152 Apostoli
1006 2100 1049 2139 in
1084 2097 1314 2141 Clementis
1349 2101 1525 2142 consilio
1564 2101 1840 2154 improbando

249 2168 521 2210 sententiam.

245 2234 289 2268 R.
309 2244 367 2277 ap.
391 2234 426 2268 S.
449 2234 488 2269 P.
510 2235 632 2270 XXIII
649 2235 729 2270 Iun.
751 2237 835 2270 1578
856 2237 894 2270 P.
914 2248 974 2271 an.
997 2236 1072 2272 VII.

250 2343 422 2383 Theiner,
441 2355 532 2378 ann.
553 2345 636 2378 eccl.
657 2345 707 2378 ud
725 2347 760 2378 Ιι.
781 2356 816 2377 α.
837 2356 874 2379 n.
896 2348 949 2380 48.

331 2455 452 2500 124.2
484 2458 862 2506 Reddzditnohzs.
888 2481 913 2486 -
934 2456 1055 2510 Greg.
1079 2456 1184 2497 XIII
1206 2457 1370 2498 consuli
1391 2462 1435 2500 et
1462 2459 1726 2500 senatoribus
1757 2460 1835 2502 civ,

245 2525 493 2579 Pilsnensis‚
513 2539 587 2580 per
606 2527 768 2568 litteras
790 2541 935 2568 eorum
957 2532 999 2569 et
1021 2541 1094 2582 per
1115 2529 1213 2569 Ant.
1233 2528 1508 2571 Possevinum
1531 2529 1719 2584 edoctus,
1737 2545 1838 2584 gau—

243 2595 359 2637 dium
380 2610 503 2638 suum
526 2597 735 2651 significat
756 2598 807 2639 de
830 2612 931 2640 cura
959 2604 1001 2640 et
1031 2599 1169 2640 studio
1200 2600 1312 2641 cath.
1338 2600 1465 2642 fidem
1497 2601 1659 2655 tuendi,
1683 2616 1838 2657 eosque

243 2668 296 2708 ad
331 2668 623 2711 sustinendum
659 2670 852 2711 hortatur
872 2686 880 2722 3
918 2676 1083 2713 caetera
1119 2685 1170 2712 ex
1208 2671 1432 2714 l’ossevino
1467 2673 1717 2727 intelligent,
1757 2674 1838 2715 sibi

243 2740 476 2782 carissimo.

240 2806 283 2839 R.
304 2817 360 2849 ap.
382 2806 418 2840 S.
442 2807 624 2842 1³.1Nov.
646 2811 728 2843 1578
747 2809 787 2843 P.
809 2820 867 2842 an.
891 2809 966 2843 VII.

241 2914 411 2955 Themer,
431 2926 522 2949 ann.
549 2919 629 2949 1:002.
651 2919 701 2949 ad
717 2919 753 2949 lt.
774 2929 808 2950 ιι.
832 2929 866 2951 n.
891 2920 922 2951 5.

320 3025 442 3069 124ss
474 3029 625 3070 leerlcc'c
646 3031 707 3072 ad
728 3019 823 3071 mog.
847 3052 872 3058 —
895 3027 1016 3081 (ἐι-ες.
1043 3027 1146 3069 XIII
1168 3027 1316 3070 Ioanni
1338 3028 1507 3071 Sveciae
1538 3031 1624 3084 regi
1661 3030 1832 3083 illustri,
