1989 3252
253 174 395 218 Pauli
414 174 468 218 V.
929 199 983 204 —
1011 175 1092 217 284
1120 198 1175 205 -
1713 179 1840 223 1618.

340 262 440 305 215-
474 263 608 304 Alias
626 263 757 304 nobis
775 276 860 317 pro
878 268 1026 317 parte.
1051 287 1076 292 -
1098 262 1217 303 Paul.
1240 261 1293 315 V,
1316 267 1485 316 petente
1520 263 1714 318 Philippo
1744 264 1841 306 His-

256 331 480 384 paniarum
501 344 614 383 rege,
638 330 807 372 officiali
841 330 1126 375 Gerundinen.
1163 335 1458 375 executionem
1489 334 1724 376 litterarum
1745 335 1837 388 (cfr.

256 416 298 443 n.
340 402 501 454 194)111
535 402 717 443 favorem
754 402 849 444 coll.
889 403 926 444 S.
967 404 1000 445 Ι.
1041 404 1296 458 Perpiniani,
1328 405 1424 446 sede
1460 404 1609 447 Elnen.
1647 410 1839 459 vacante,

256 472 496 513 committit.

254 537 404 572 Tusculi
425 538 510 574 VIII
529 539 602 573 kal.
623 539 701 573 Oct.
724 542 806 575 1618
825 539 865 574 Ρ.
884 551 942 573 an.
963 541 1060 575 XIV.

1460 663 1551 706 Reg.
1572 664 1660 698 hall.
1679 663 1745 698 IV.
1765 664 1843 699 317.

337 792 436 836 216.
470 795 985 848 Empom'nobz'snuper.
1027 818 1052 823 —
1087 792 1208 834 Paul.
1253 792 1305 845 V,
1349 793 1593 846 petentibus
1632 793 1843 835 tutoribus

255 861 474 902 cuiusdam
496 861 660 903 Laurae
683 862 860 904 Selanae
896 863 1222 916 Neapolitanae.
1245 865 1394 906 unicae
1415 864 1609 906 Andreae
1642 863 1756 906 filiae
1794 866 1846 905 14

252 946 349 974 ann.
390 933 629 986 defunctae,
660 935 857 988 archiep&
893 935 1176 988 Neapolitano
1212 937 1438 977 committit
1471 940 1519 977 ut
1552 937 1595 977 in
1630 940 1843 978 construc-

252 1004 410 1045 tionem
433 1005 651 1058 cappellae
672 1007 716 1045 in
752 1006 855 1046 eccl.
881 1006 1046 1059 collegii
1082 1007 1125 1048 S.
1162 1005 1196 1048 Ι.
1221 1006 1489 1060 Neapolitan.
1529 1007 1690 1060 erogari
1727 1010 1844 1048 curet

252 1088 459 1116 summam
482 1078 505 1115 6
528 1076 632 1116 mill.
658 1075 796 1118 ducat,
824 1082 1020 1118 monetae
1042 1077 1176 1130 Neap.
1202 1092 1253 1118 ex
1274 1077 1536 1119 haereditate
1570 1078 1640 1118 avi
1674 1076 1841 1118 Horatii

254 1145 433 1188 Selanae
466 1147 657 1189 relictam
692 1162 765 1201 pro
800 1163 886 1190 una
920 1163 972 1190 ex
1007 1149 1207 1203 cappellis
1242 1149 1318 1190 sub
1353 1149 1618 1190 invocatione
1639 1147 1708 1190 SS.
1732 1148 1839 1201 Aug.

252 1215 423 1259 Custod.
447 1223 521 1260 aut
541 1218 580 1260 S.
610 1220 747 1260 Caroli
767 1221 810 1260 in
832 1220 934 1261 eccl.
959 1219 1105 1261 domus
1127 1220 1341 1273 professae
1376 1220 1414 1261 d.
1454 1221 1533 1260 civ,
1557 1220 1678 1260 iuxta
1697 1218 1842 1260 volun-

255 1293 386 1330 tatem
408 1303 556 1343 praep.
581 1304 696 1343 prOV.
722 1291 785 1332 vel
810 1290 909 1332 Iulii
932 1290 1051 1333 Caes.
1074 1290 1269 1344 Recupiti
1291 1292 1334 1333 S.
1358 1291 1393 1332 I.
1417 1290 1554 1344 presb.

252 1356 294 1391 R.
314 1367 372 1399 ap.
393 1358 428 1389 S.
448 1357 498 1392 M.
519 1358 568 1392 M.
589 1358 678 1393 XIX
696 1359 784 1392 Nov.
806 1361 891 1393 1618
909 1359 951 1393 Ρ.
970 1370 1028 1393 an.
1048 1359 1149 1394 XIV.

1410 1480 1494 1522 Regy.
1516 1479 1605 1513 balb.
1625 1479 1689 1514 IV.
1709 1481 1785 1513 331.
1806 1480 1840 1512 b.

334 1612 429 1656 217.
467 1614 669 1654 Debttwn
684 1614 942 1667 pastoralis
962 1614 1113 1667 official.
1134 1636 1159 1642 -
1178 1611 1292 1663 Paul,
1314 1610 1365 1662 V,
1385 1614 1558 1664 petente
1574 1609 1840 1652 Ferdinando

251 1682 475 1724 archiduce
493 1683 704 1734 Austriae,
721 1681 893 1723 Vicario
909 1697 1001 1736 gen.
1022 1683 1287 1736 patriarchae
1308 1682 1572 1736 Aquilegien.
1593 1695 1667 1723 seu
1683 1681 1840 1723 Paren-

250 1754 329 1794 tin.
354 1754 540 1807 episcopi
562 1753 735 1795 mandat
757 1759 802 1794 ut
823 1768 918 1794 cum
953 1754 1049 1795 coll.
1088 1754 1129 1795 S.
1168 1754 1203 1795 Ι.
1241 1753 1427 1795 Goritiae
1464 1753 1729 1806 Aquilegien.
1767 1765 1840 1793 seu

251 1824 464 1866 Parentin.
491 1825 671 1866 dioeces.
705 1840 730 1866 a
759 1825 798 1866 d.
824 1825 1048 1866 archiduce
1084 1831 1221 1866 erecto
1258 1826 1377 1866 uniat
1411 1824 1694 1877 parochialem
1730 1824 1834 1865 eccl.

251 1897 291 1937 S.
319 1896 432 1937 Petri
466 1897 508 1936 in
543 1896 584 1937 d.
623 1898 702 1938 civ,
742 1911 766 1938 a
787 1896 912 1950 Cipro
948 1896 1212 1950 Frangipano
1247 1898 1337 1938 eius
1371 1901 1534 1937 rectore
1568 1896 1837 1949 resignatam,

249 1968 561 2009 dismembratis
583 1968 635 2009 ab
657 1982 708 2009 ea
728 1968 848 2010 bonis
870 1969 1057 2010 redditus
1078 1970 1206 2010 annui
1231 1971 1307 2009 100
1343 1968 1438 2010 duc.
1463 1968 1554 2008 auri
1590 1967 1640 2008 de
1674 1980 1841 2008 camera

250 2053 325 2092 pro
347 2053 429 2080 uno
449 2040 605 2080 vicario
626 2053 769 2081 curam
791 2040 1027 2081 animarum
1050 2041 1301 2082 exercituro.

249 2104 291 2138 R.
311 2116 368 2148 ap.
388 2106 422 2139 S.
449 2106 494 2139 M.
515 2107 564 2141 M.
586 2106 668 2141 VIII
686 2106 760 2140 kal.
783 2107 867 2140 Dec.
894 2109 974 2141 1618
993 2106 1033 2140 Ρ.
1054 2117 1113 2140 an.
1138 2106 1236 2141 XIV.

1401 2270 1405 2274 Ι
1454 2227 1541 2270 Rey.
1563 2226 1650 2259 buil.
1671 2225 1739 2260 IV.
1758 2227 1835 2260 336.

327 2362 425 2406 218.
464 2362 668 2403 Debitum
686 2362 940 2415 pastoralis
961 2362 1121 2415 officii.
1147 2384 1172 2389 -
1196 2357 1311 2399 Paul.
1332 2356 1385 2409 V,
1403 2356 1645 2410 petentibus
1665 2360 1832 2397 rectore

247 2436 290 2472 et
311 2430 601 2484 collegialibus
618 2430 712 2472 coll.
733 2430 773 2472 S.
794 2430 828 2472 I.
850 2430 1067 2471 Pictavien
1084 2435 1126 2471 et
1143 2429 1326 2471 Henrico
1356 2429 1566 2470 Ludovico
1585 2431 1662 2481 epo
1699 2428 1832 2468 Picta-

243 2503 340 2543 vicn
379 2516 428 2544 ac
463 2502 704 2544 hominibus
726 2502 766 2544 d.
791 2503 857 2543 civ
897 2502 1069 2543 mandat
1105 2501 1273 2543 officiali
1308 2501 1538 2542 Pictavien.
1578 2504 1625 2540 ut
1660 2512 1755 2540 cum
1790 2497 1832 2539 d.

244 2574 340 2615 coll.
380 2575 499 2614 uniat
534 2575 742 2627 prioratus
777 2574 817 2615 S.
856 2573 1123 2626 Radcgundis
1159 2574 1207 2616 Ο,
1247 2572 1287 2614 S.
1325 2572 1426 2613 Ben.
1466 2570 1676 2612 Turonen.
1700 2570 1832 2610 dioec.

244 2659 368 2699 quem
392 2645 534 2686 Ioach.
560 2644 773 2698 Chapeau.
798 2658 959 2686 necnon
980 2643 1021 2685 S.
1044 2645 1282 2685 Florentiae
1304 2644 1354 2684 de
1375 2642 1547 2684 Comble
1576 2655 1700 2682 nunc.
1725 2641 1834 2682 eius-

245 2716 339 2757 dem
376 2716 474 2757 ()1·d.
515 2716 728 2757 Pictaven.
768 2716 902 2757 dioec.
945 2730 1069 2769 quem
1110 2715 1204 2756 Nic.
1246 2715 1373 2756 Milon
1413 2728 1487 2767 per
1520 2716 1832 2766 procuratorem

245 2787 447 2829 Ioannem
498 2787 721 2828 Marchant
768 2788 967 2828 clericum
1016 2787 1230 2828 Pictaven.
1269 2786 1550 2838 resignarunt,
1588 2788 1630 2825 et
1669 2784 1741 2836 qui
1779 2782 1833 2823 ad

233 2858 287 2901 S.
315 2859 494 2911 Sigirani
516 2859 636 2902 alter.
662 2859 770 2899 alter
789 2858 843 2900 ad
864 2858 915 2899 de
939 2857 1131 2899 Novaille
1152 2857 1499 2898 monasteriorum
1536 2855 1575 2895 d.
1600 2854 1689 2895 ord.
1714 2853 1832 2894 Bitu-

246 2931 374 2971 ricen.
387 2934 428 2971 et
439 2930 653 2971 Pictaven.
673 2930 904 2983 respective
918 2929 1095 2970 dioeces.
1109 2928 1284 2970 abbates
1301 2931 1507 2981 spectant.
1521 2925 1651 2967 Valor
1666 2938 1832 2966 annuus

246 3001 419 3043 insimul
438 3003 493 3043 24
514 3000 609 3042 duc.
649 3001 833 3042 Accedat
867 3013 1065 3042 assensus
1100 3001 1140 3042 d.
1178 2999 1309 3041 Henr.
1347 2998 1503 3039 Ludov.
1542 2996 1728 3051 episcopi
1762 2996 1834 3050 qui

1982 261 1989 289 ἕ
