<?xml version="1.0" encoding="UTF-8"?>
<!DOCTYPE html PUBLIC "-//W3C//DTD XHTML 1.0 Transitional//EN"
    "http://www.w3.org/TR/xhtml1/DTD/xhtml1-transitional.dtd">
<html xmlns="http://www.w3.org/1999/xhtml" xml:lang="en" lang="en">
 <head>
  <title>
</title>
<meta http-equiv="Content-Type" content="text/html;charset=utf-8" />
  <meta name='ocr-system' content='tesseract 3.04.00' />
  <meta name='ocr-capabilities' content='ocr_page ocr_carea ocr_par ocr_line ocrx_word'/>
</head>
<body>
  <div class='ocr_page' id='page_1' title='image "./synopsisactorums02delp_0144.png"; bbox 0 0 1989 3252; ppageno 0'>
   <div class='ocr_carea' id='block_1_1' title="bbox 316 197 1907 251">
    <p class='ocr_par' dir='ltr' id='par_1_1' title="bbox 316 197 1907 251">
     <span class='ocr_line' id='line_1_1' title="bbox 316 197 1907 251; baseline 0.005 -9"><span class='ocrx_word' id='word_1_1' title='bbox 316 199 481 242; x_wconf 86' lang='lat' dir='ltr'>Innoc.</span> <span class='ocrx_word' id='word_1_2' title='bbox 504 197 565 241; x_wconf 91' lang='lat' dir='ltr'>X.</span> <span class='ocrx_word' id='word_1_3' title='bbox 992 222 1047 228; x_wconf 90' lang='lat'><strong>—</strong></span> <span class='ocrx_word' id='word_1_4' title='bbox 1075 199 1157 240; x_wconf 85' lang='lat'>358</span> <span class='ocrx_word' id='word_1_5' title='bbox 1184 222 1240 229; x_wconf 90' lang='lat'><em>-</em></span> <span class='ocrx_word' id='word_1_6' title='bbox 1776 204 1907 251; x_wconf 81' lang='grc'>1650.</span> 
     </span>
    </p>
   </div>
   <div class='ocr_carea' id='block_1_2' title="bbox 313 282 1907 626">
    <p class='ocr_par' dir='ltr' id='par_1_2' title="bbox 313 282 1907 626">
     <span class='ocr_line' id='line_1_2' title="bbox 397 282 1905 342; baseline 0.005 -18"><span class='ocrx_word' id='word_1_7' title='bbox 397 286 468 329; x_wconf 75' lang='grc'>25.</span> <span class='ocrx_word' id='word_1_8' title='bbox 502 284 552 324; x_wconf 91' lang='lat' dir='ltr'>A.</span> <span class='ocrx_word' id='word_1_9' title='bbox 572 282 620 325; x_wconf 88' lang='lat' dir='ltr'><strong>F.</strong></span> <span class='ocrx_word' id='word_1_10' title='bbox 638 282 686 324; x_wconf 40' lang='lat' dir='ltr'>R.</span> <span class='ocrx_word' id='word_1_11' title='bbox 709 283 768 325; x_wconf 93' lang='lat' dir='ltr'>M.</span> <span class='ocrx_word' id='word_1_12' title='bbox 790 290 860 328; x_wconf 69' lang='lat' dir='ltr'>Eoe</span> <span class='ocrx_word' id='word_1_13' title='bbox 879 288 1170 330; x_wconf 70' lang='lat' dir='ltr'><em>incumbenti.</em></span> <span class='ocrx_word' id='word_1_14' title='bbox 1196 311 1222 317; x_wconf 91' lang='lat'><em>—</em></span> <span class='ocrx_word' id='word_1_15' title='bbox 1243 286 1387 329; x_wconf 90' lang='lat' dir='ltr'>Innoc.</span> <span class='ocrx_word' id='word_1_16' title='bbox 1411 287 1465 338; x_wconf 90' lang='lat' dir='ltr'>X,</span> <span class='ocrx_word' id='word_1_17' title='bbox 1488 288 1727 342; x_wconf 83' lang='lat' dir='ltr'>petentibus</span> <span class='ocrx_word' id='word_1_18' title='bbox 1742 289 1905 332; x_wconf 81' lang='lat' dir='ltr'>Ioanne</span> 
     </span>
     <span class='ocr_line' id='line_1_3' title="bbox 317 353 1903 414; baseline 0.004 -19"><span class='ocrx_word' id='word_1_19' title='bbox 317 355 411 396; x_wconf 85' lang='lat' dir='ltr'>Nic.</span> <span class='ocrx_word' id='word_1_20' title='bbox 436 355 487 395; x_wconf 89' lang='lat' dir='ltr'>de</span> <span class='ocrx_word' id='word_1_21' title='bbox 514 354 747 395; x_wconf 87' lang='lat' dir='ltr'>Comitibus</span> <span class='ocrx_word' id='word_1_22' title='bbox 781 353 970 397; x_wconf 88' lang='lat' dir='ltr'>Romano</span> <span class='ocrx_word' id='word_1_23' title='bbox 1004 362 1048 398; x_wconf 88' lang='lat' dir='ltr'>et</span> <span class='ocrx_word' id='word_1_24' title='bbox 1082 356 1229 399; x_wconf 84' lang='lat' dir='ltr'>Franc.</span> <span class='ocrx_word' id='word_1_25' title='bbox 1254 358 1511 401; x_wconf 85' lang='lat' dir='ltr'>Bonacossio</span> <span class='ocrx_word' id='word_1_26' title='bbox 1545 364 1588 401; x_wconf 88' lang='lat' dir='ltr'>et</span> <span class='ocrx_word' id='word_1_27' title='bbox 1622 359 1774 414; x_wconf 87' lang='lat' dir='ltr'>Praep.</span> <span class='ocrx_word' id='word_1_28' title='bbox 1798 360 1903 404; x_wconf 90' lang='lat' dir='ltr'>Gen.</span> 
     </span>
     <span class='ocr_line' id='line_1_4' title="bbox 315 426 1906 480; baseline 0.004 -12"><span class='ocrx_word' id='word_1_29' title='bbox 315 426 357 469; x_wconf 87' lang='lat' dir='ltr'><strong>S.</strong></span> <span class='ocrx_word' id='word_1_30' title='bbox 381 426 435 478; x_wconf 93' lang='lat' dir='ltr'>I.,</span> <span class='ocrx_word' id='word_1_31' title='bbox 460 439 532 479; x_wconf 91' lang='lat' dir='ltr'>pro</span> <span class='ocrx_word' id='word_1_32' title='bbox 554 427 756 467; x_wconf 79' lang='lat' dir='ltr'>interesse</span> <span class='ocrx_word' id='word_1_33' title='bbox 778 426 944 480; x_wconf 83' lang='lat' dir='ltr'>collegii</span> <span class='ocrx_word' id='word_1_34' title='bbox 966 427 1008 469; x_wconf 88' lang='lat' dir='ltr'>S.</span> <span class='ocrx_word' id='word_1_35' title='bbox 1031 427 1065 469; x_wconf 91' lang='grc' dir='ltr'>Ι.</span> <span class='ocrx_word' id='word_1_36' title='bbox 1091 428 1352 471; x_wconf 82' lang='lat' dir='ltr'>Ferrariensi</span> <span class='ocrx_word' id='word_1_37' title='bbox 1378 430 1604 472; x_wconf 88' lang='lat' dir='ltr'>confirmat</span> <span class='ocrx_word' id='word_1_38' title='bbox 1640 432 1906 474; x_wconf 80' lang='lat' dir='ltr'>concordiam</span> 
     </span>
     <span class='ocr_line' id='line_1_5' title="bbox 315 498 1907 551; baseline 0.003 -12"><span class='ocrx_word' id='word_1_39' title='bbox 315 499 428 539; x_wconf 87' lang='lat' dir='ltr'>inter</span> <span class='ocrx_word' id='word_1_40' title='bbox 446 511 516 539; x_wconf 87' lang='lat' dir='ltr'>eos</span> <span class='ocrx_word' id='word_1_41' title='bbox 537 498 687 538; x_wconf 86' lang='lat' dir='ltr'>initam</span> <span class='ocrx_word' id='word_1_42' title='bbox 708 511 835 551; x_wconf 88' lang='lat' dir='ltr'>super</span> <span class='ocrx_word' id='word_1_43' title='bbox 855 498 1120 541; x_wconf 86' lang='lat' dir='ltr'>haereditate</span> <span class='ocrx_word' id='word_1_44' title='bbox 1143 502 1471 544; x_wconf 82' lang='lat' dir='ltr'>marchionissae</span> <span class='ocrx_word' id='word_1_45' title='bbox 1493 501 1675 545; x_wconf 87' lang='lat' dir='ltr'>Foelicis</span> <span class='ocrx_word' id='word_1_46' title='bbox 1703 502 1907 546; x_wconf 86' lang='lat' dir='ltr'>Saxatelli</span> 
     </span>
     <span class='ocr_line' id='line_1_6' title="bbox 313 568 1905 626; baseline 0.003 -15"><span class='ocrx_word' id='word_1_47' title='bbox 313 569 490 611; x_wconf 88' lang='lat' dir='ltr'>Imolen.</span> <span class='ocrx_word' id='word_1_48' title='bbox 511 583 586 610; x_wconf 90' lang='lat' dir='ltr'>seu</span> <span class='ocrx_word' id='word_1_49' title='bbox 608 568 841 619; x_wconf 84' lang='lat' dir='ltr'>Ferrarien,</span> <span class='ocrx_word' id='word_1_50' title='bbox 862 570 1073 624; x_wconf 88' lang='lat' dir='ltr'>quondam</span> <span class='ocrx_word' id='word_1_51' title='bbox 1091 571 1294 626; x_wconf 79' lang='lat' dir='ltr'>Torquati</span> <span class='ocrx_word' id='word_1_52' title='bbox 1312 573 1362 614; x_wconf 90' lang='lat' dir='ltr'>de</span> <span class='ocrx_word' id='word_1_53' title='bbox 1379 572 1615 615; x_wconf 87' lang='lat' dir='ltr'>Comitibus</span> <span class='ocrx_word' id='word_1_54' title='bbox 1633 574 1752 616; x_wconf 91' lang='lat' dir='ltr'>ducis</span> <span class='ocrx_word' id='word_1_55' title='bbox 1767 579 1905 616; x_wconf 89' lang='lat' dir='ltr'>terrae</span> 
     </span>
    </p>
   </div>
   <div class='ocr_carea' id='block_1_3' title="bbox 312 640 1156 750">
    <p class='ocr_par' dir='ltr' id='par_1_3' title="bbox 312 640 1156 750">
     <span class='ocr_line' id='line_1_7' title="bbox 315 640 790 694; baseline 0.004 -13"><span class='ocrx_word' id='word_1_56' title='bbox 315 640 575 694; x_wconf 85' lang='lat' dir='ltr'>Guadagnoli</span> <span class='ocrx_word' id='word_1_57' title='bbox 597 641 790 683; x_wconf 87' lang='lat' dir='ltr'>relictae.</span> 
     </span>
     <span class='ocr_line' id='line_1_8' title="bbox 312 707 1156 750; baseline 0 -8"><span class='ocrx_word' id='word_1_58' title='bbox 312 707 358 742; x_wconf 83' lang='lat' dir='ltr'><strong>R.</strong></span> <span class='ocrx_word' id='word_1_59' title='bbox 378 718 436 750; x_wconf 82' lang='lat' dir='ltr'>ap.</span> <span class='ocrx_word' id='word_1_60' title='bbox 457 707 493 741; x_wconf 88' lang='lat' dir='ltr'>S.</span> <span class='ocrx_word' id='word_1_61' title='bbox 512 707 561 742; x_wconf 89' lang='lat' dir='ltr'>M.</span> <span class='ocrx_word' id='word_1_62' title='bbox 581 708 632 743; x_wconf 91' lang='lat' dir='ltr'>M.</span> <span class='ocrx_word' id='word_1_63' title='bbox 651 707 754 743; x_wconf 87' lang='lat' dir='ltr'>XVII</span> <span class='ocrx_word' id='word_1_64' title='bbox 770 708 847 743; x_wconf 85' lang='lat' dir='ltr'>Ian.</span> <span class='ocrx_word' id='word_1_65' title='bbox 869 711 953 744; x_wconf 89' lang='lat'>1649</span> <span class='ocrx_word' id='word_1_66' title='bbox 971 709 1012 743; x_wconf 92' lang='lat' dir='ltr'><strong>P.</strong></span> <span class='ocrx_word' id='word_1_67' title='bbox 1032 720 1091 745; x_wconf 86' lang='lat' dir='ltr'>an.</span> <span class='ocrx_word' id='word_1_68' title='bbox 1113 710 1156 744; x_wconf 91' lang='lat' dir='ltr'>V.</span> 
     </span>
    </p>
   </div>
   <div class='ocr_carea' id='block_1_4' title="bbox 1527 820 1905 864">
    <p class='ocr_par' dir='ltr' id='par_1_4' title="bbox 1527 820 1905 864">
     <span class='ocr_line' id='line_1_9' title="bbox 1527 820 1905 864; baseline 0 -9"><span class='ocrx_word' id='word_1_69' title='bbox 1527 820 1616 864; x_wconf 70' lang='lat' dir='ltr'>Rey.</span> <span class='ocrx_word' id='word_1_70' title='bbox 1636 820 1727 855; x_wconf 73' lang='lat' dir='ltr'>buu.</span> <span class='ocrx_word' id='word_1_71' title='bbox 1753 821 1808 855; x_wconf 81' lang='lat' dir='ltr'>VJ.</span> <span class='ocrx_word' id='word_1_72' title='bbox 1831 823 1905 857; x_wconf 79' lang='lat'><strong>102.</strong></span> 
     </span>
    </p>
   </div>
   <div class='ocr_carea' id='block_1_5' title="bbox 394 936 1905 993">
    <p class='ocr_par' dir='ltr' id='par_1_5' title="bbox 394 936 1905 993">
     <span class='ocr_line' id='line_1_10' title="bbox 394 936 1905 993; baseline -0.001 -10"><span class='ocrx_word' id='word_1_73' title='bbox 394 940 466 983; x_wconf 74' lang='lat'>26.</span> <span class='ocrx_word' id='word_1_74' title='bbox 501 941 573 980; x_wconf 63' lang='lat' dir='ltr'>Asc</span> <span class='ocrx_word' id='word_1_75' title='bbox 593 940 871 993; x_wconf 52' lang='lat' dir='ltr'>amendam.</span> <span class='ocrx_word' id='word_1_76' title='bbox 896 962 922 968; x_wconf 90' lang='lat'>—-</span> <span class='ocrx_word' id='word_1_77' title='bbox 948 936 1184 980; x_wconf 89' lang='lat' dir='ltr'>Innocentii</span> <span class='ocrx_word' id='word_1_78' title='bbox 1218 937 1256 979; x_wconf 91' lang='lat' dir='ltr'>X</span> <span class='ocrx_word' id='word_1_79' title='bbox 1291 939 1552 993; x_wconf 74' lang='lat' dir='ltr'>indulgentia</span> <span class='ocrx_word' id='word_1_80' title='bbox 1585 953 1659 993; x_wconf 91' lang='lat' dir='ltr'>pro</span> <span class='ocrx_word' id='word_1_81' title='bbox 1695 953 1905 982; x_wconf 87' lang='lat' dir='ltr'>commun.</span> 
     </span>
    </p>
   </div>
   <div class='ocr_carea' id='block_1_6' title="bbox 310 1008 1312 1111">
    <p class='ocr_par' dir='ltr' id='par_1_6' title="bbox 310 1008 1312 1111">
     <span class='ocr_line' id='line_1_11' title="bbox 311 1008 1312 1064; baseline 0.001 -13"><span class='ocrx_word' id='word_1_82' title='bbox 311 1023 403 1063; x_wconf 85' lang='lat' dir='ltr'>gen.</span> <span class='ocrx_word' id='word_1_83' title='bbox 429 1009 483 1050; x_wconf 88' lang='lat' dir='ltr'>ad</span> <span class='ocrx_word' id='word_1_84' title='bbox 507 1010 556 1050; x_wconf 85' lang='lat'>15</span> <span class='ocrx_word' id='word_1_85' title='bbox 578 1022 723 1050; x_wconf 85' lang='lat' dir='ltr'>annos.</span> <span class='ocrx_word' id='word_1_86' title='bbox 749 1008 852 1062; x_wconf 83' lang='lat' dir='ltr'>(Cfr.</span> <span class='ocrx_word' id='word_1_87' title='bbox 876 1008 981 1051; x_wconf 89' lang='lat' dir='ltr'><strong>Urb.</strong></span> <span class='ocrx_word' id='word_1_88' title='bbox 1010 1009 1109 1050; x_wconf 91' lang='lat' dir='ltr'>VIII</span> <span class='ocrx_word' id='word_1_89' title='bbox 1130 1025 1171 1051; x_wconf 91' lang='lat' dir='ltr'>n.</span> <span class='ocrx_word' id='word_1_90' title='bbox 1200 1011 1312 1064; x_wconf 85' lang='lat'>157).</span> 
     </span>
     <span class='ocr_line' id='line_1_12' title="bbox 310 1076 572 1111; baseline -0.008 -1"><span class='ocrx_word' id='word_1_91' title='bbox 310 1078 332 1110; x_wconf 91' lang='grc'>5</span> <span class='ocrx_word' id='word_1_92' title='bbox 350 1076 458 1111; x_wconf 83' lang='lat' dir='ltr'>Febr.</span> <span class='ocrx_word' id='word_1_93' title='bbox 478 1078 572 1111; x_wconf 82' lang='lat'>1649.</span> 
     </span>
    </p>
   </div>
   <div class='ocr_carea' id='block_1_7' title="bbox 1644 1186 1904 1222">
    <p class='ocr_par' dir='ltr' id='par_1_7' title="bbox 1644 1186 1904 1222">
     <span class='ocr_line' id='line_1_13' title="bbox 1644 1186 1904 1222; baseline 0.004 -2"><span class='ocrx_word' id='word_1_94' title='bbox 1644 1186 1796 1222; x_wconf 78' lang='lat' dir='ltr'>Elench.</span> <span class='ocrx_word' id='word_1_95' title='bbox 1815 1188 1904 1222; x_wconf 79' lang='lat' dir='ltr'><strong>buzl.</strong></span> 
     </span>
    </p>
   </div>
   <div class='ocr_carea' id='block_1_8' title="bbox 313 1303 1905 1432">
    <p class='ocr_par' dir='ltr' id='par_1_8' title="bbox 313 1303 1905 1432">
     <span class='ocr_line' id='line_1_14' title="bbox 395 1303 1905 1350; baseline 0.001 -4"><span class='ocrx_word' id='word_1_96' title='bbox 395 1307 466 1350; x_wconf 72' lang='grc'>27.</span> <span class='ocrx_word' id='word_1_97' title='bbox 500 1304 550 1346; x_wconf 91' lang='lat' dir='ltr'>A.</span> <span class='ocrx_word' id='word_1_98' title='bbox 580 1303 628 1346; x_wconf 92' lang='lat' dir='ltr'>F.</span> <span class='ocrx_word' id='word_1_99' title='bbox 661 1303 712 1346; x_wconf 91' lang='lat' dir='ltr'>R.</span> <span class='ocrx_word' id='word_1_100' title='bbox 750 1303 808 1346; x_wconf 93' lang='lat' dir='ltr'>M.</span> <span class='ocrx_word' id='word_1_101' title='bbox 835 1312 1116 1349; x_wconf 71' lang='lat' dir='ltr'>Animarum</span> <span class='ocrx_word' id='word_1_102' title='bbox 1135 1308 1289 1349; x_wconf 68' lang='lat' dir='ltr'>saluti.</span> <span class='ocrx_word' id='word_1_103' title='bbox 1327 1330 1354 1335; x_wconf 98' lang='lat'>—</span> <span class='ocrx_word' id='word_1_104' title='bbox 1388 1304 1535 1347; x_wconf 88' lang='lat' dir='ltr'>Innoc.</span> <span class='ocrx_word' id='word_1_105' title='bbox 1572 1304 1609 1345; x_wconf 90' lang='lat' dir='ltr'>X</span> <span class='ocrx_word' id='word_1_106' title='bbox 1642 1310 1817 1347; x_wconf 87' lang='lat' dir='ltr'>renovat</span> <span class='ocrx_word' id='word_1_107' title='bbox 1850 1305 1905 1348; x_wconf 88' lang='lat' dir='ltr'>ad</span> 
     </span>
     <span class='ocr_line' id='line_1_15' title="bbox 313 1375 1901 1432; baseline 0 -14"><span class='ocrx_word' id='word_1_108' title='bbox 313 1378 365 1418; x_wconf 79' lang='lat'>20</span> <span class='ocrx_word' id='word_1_109' title='bbox 400 1389 533 1418; x_wconf 88' lang='lat' dir='ltr'>annos</span> <span class='ocrx_word' id='word_1_110' title='bbox 567 1375 795 1417; x_wconf 83' lang='lat' dir='ltr'>facultates</span> <span class='ocrx_word' id='word_1_111' title='bbox 828 1375 869 1418; x_wconf 91' lang='lat' dir='ltr'><strong>S.</strong></span> <span class='ocrx_word' id='word_1_112' title='bbox 908 1375 944 1418; x_wconf 87' lang='grc' dir='ltr'>Ι.</span> <span class='ocrx_word' id='word_1_113' title='bbox 981 1377 1026 1418; x_wconf 89' lang='lat' dir='ltr'>in</span> <span class='ocrx_word' id='word_1_114' title='bbox 1058 1382 1238 1431; x_wconf 89' lang='lat' dir='ltr'>utraque</span> <span class='ocrx_word' id='word_1_115' title='bbox 1259 1375 1383 1418; x_wconf 87' lang='lat' dir='ltr'>India</span> <span class='ocrx_word' id='word_1_116' title='bbox 1402 1376 1456 1418; x_wconf 91' lang='lat' dir='ltr'>ab</span> <span class='ocrx_word' id='word_1_117' title='bbox 1475 1375 1650 1419; x_wconf 88' lang='lat' dir='ltr'>Urbano</span> <span class='ocrx_word' id='word_1_118' title='bbox 1673 1376 1775 1419; x_wconf 91' lang='lat' dir='ltr'>VIII</span> <span class='ocrx_word' id='word_1_119' title='bbox 1795 1377 1901 1432; x_wconf 83' lang='lat' dir='ltr'><strong>(Cfr.</strong></span> 
     </span>
    </p>
   </div>
   <div class='ocr_carea' id='block_1_9' title="bbox 312 1449 1101 1558">
    <p class='ocr_par' dir='ltr' id='par_1_9' title="bbox 312 1449 1101 1558">
     <span class='ocr_line' id='line_1_16' title="bbox 312 1449 735 1501; baseline 0.002 -12"><span class='ocrx_word' id='word_1_120' title='bbox 312 1462 356 1490; x_wconf 90' lang='grc'>11.</span> <span class='ocrx_word' id='word_1_121' title='bbox 382 1449 479 1501; x_wconf 90' lang='grc'>105)</span> <span class='ocrx_word' id='word_1_122' title='bbox 501 1460 735 1490; x_wconf 84' lang='lat' dir='ltr'>concessas.</span> 
     </span>
     <span class='ocr_line' id='line_1_17' title="bbox 313 1513 1101 1558; baseline -0.001 -9"><span class='ocrx_word' id='word_1_123' title='bbox 313 1514 355 1549; x_wconf 83' lang='lat' dir='ltr'><strong>R.</strong></span> <span class='ocrx_word' id='word_1_124' title='bbox 375 1525 433 1558; x_wconf 87' lang='lat' dir='ltr'>ap.</span> <span class='ocrx_word' id='word_1_125' title='bbox 455 1513 491 1550; x_wconf 91' lang='lat' dir='ltr'>S.</span> <span class='ocrx_word' id='word_1_126' title='bbox 511 1515 560 1550; x_wconf 91' lang='lat' dir='ltr'><strong>M.</strong></span> <span class='ocrx_word' id='word_1_127' title='bbox 580 1515 630 1550; x_wconf 92' lang='lat' dir='ltr'><strong>M.</strong></span> <span class='ocrx_word' id='word_1_128' title='bbox 649 1515 666 1550; x_wconf 93' lang='lat' dir='ltr'>I</span> <span class='ocrx_word' id='word_1_129' title='bbox 682 1515 789 1550; x_wconf 81' lang='lat' dir='ltr'>Mart.</span> <span class='ocrx_word' id='word_1_130' title='bbox 811 1517 896 1550; x_wconf 84' lang='lat'>1649</span> <span class='ocrx_word' id='word_1_131' title='bbox 914 1515 955 1549; x_wconf 88' lang='lat' dir='ltr'><strong>P.</strong></span> <span class='ocrx_word' id='word_1_132' title='bbox 975 1525 1035 1550; x_wconf 85' lang='lat' dir='ltr'>an.</span> <span class='ocrx_word' id='word_1_133' title='bbox 1058 1515 1101 1548; x_wconf 93' lang='lat' dir='ltr'><strong>V.</strong></span> 
     </span>
    </p>
   </div>
   <div class='ocr_carea' id='block_1_10' title="bbox 312 1623 1901 1669">
    <p class='ocr_par' dir='ltr' id='par_1_10' title="bbox 312 1623 1901 1669">
     <span class='ocr_line' id='line_1_18' title="bbox 312 1623 1901 1669; baseline 0.003 -13"><span class='ocrx_word' id='word_1_134' title='bbox 312 1623 415 1658; x_wconf 74' lang='lat' dir='ltr'>Ball.</span> <span class='ocrx_word' id='word_1_135' title='bbox 434 1626 477 1658; x_wconf 84' lang='lat' dir='ltr'>de</span> <span class='ocrx_word' id='word_1_136' title='bbox 486 1634 651 1668; x_wconf 42' lang='lat' dir='ltr'>propa-9.</span> <span class='ocrx_word' id='word_1_137' title='bbox 669 1624 745 1668; x_wconf 82' lang='lat' dir='ltr'>fide</span> <span class='ocrx_word' id='word_1_138' title='bbox 761 1623 794 1657; x_wconf 87' lang='lat' dir='ltr'>I.</span> <span class='ocrx_word' id='word_1_139' title='bbox 813 1627 889 1659; x_wconf 82' lang='lat'>276.</span> <span class='ocrx_word' id='word_1_140' title='bbox 911 1643 953 1648; x_wconf 94' lang='lat'><strong>—</strong></span> <span class='ocrx_word' id='word_1_141' title='bbox 970 1624 1070 1658; x_wconf 66' lang='lat' dir='ltr'>Ball.</span> <span class='ocrx_word' id='word_1_142' title='bbox 1091 1624 1195 1659; x_wconf 86' lang='lat' dir='ltr'>Rom.</span> <span class='ocrx_word' id='word_1_143' title='bbox 1522 1625 1611 1669; x_wconf 74' lang='lat' dir='ltr'>Req.</span> <span class='ocrx_word' id='word_1_144' title='bbox 1631 1624 1707 1659; x_wconf 74' lang='lat' dir='ltr'>bun</span> <span class='ocrx_word' id='word_1_145' title='bbox 1749 1626 1804 1661; x_wconf 88' lang='lat' dir='ltr'>VI.</span> <span class='ocrx_word' id='word_1_146' title='bbox 1826 1628 1901 1661; x_wconf 87' lang='grc'>106.</span> 
     </span>
    </p>
   </div>
   <div class='ocr_carea' id='block_1_11' title="bbox 309 1741 1901 1941">
    <p class='ocr_par' dir='ltr' id='par_1_11' title="bbox 309 1741 1901 1941">
     <span class='ocr_line' id='line_1_19' title="bbox 393 1741 1901 1797; baseline -0.001 -8"><span class='ocrx_word' id='word_1_147' title='bbox 393 1746 465 1790; x_wconf 76' lang='grc'>28.</span> <span class='ocrx_word' id='word_1_148' title='bbox 498 1743 540 1787; x_wconf 89' lang='lat' dir='ltr'><strong>S.</strong></span> <span class='ocrx_word' id='word_1_149' title='bbox 563 1743 692 1797; x_wconf 81' lang='lat' dir='ltr'>Cong.</span> <span class='ocrx_word' id='word_1_150' title='bbox 717 1741 844 1785; x_wconf 89' lang='lat' dir='ltr'>Conc.</span> <span class='ocrx_word' id='word_1_151' title='bbox 868 1767 894 1774; x_wconf 93' lang='lat'>-</span> <span class='ocrx_word' id='word_1_152' title='bbox 914 1742 1189 1785; x_wconf 86' lang='lat' dir='ltr'>Confirmatio</span> <span class='ocrx_word' id='word_1_153' title='bbox 1211 1743 1368 1785; x_wconf 84' lang='lat' dir='ltr'>decreti</span> <span class='ocrx_word' id='word_1_154' title='bbox 1389 1746 1413 1785; x_wconf 89' lang='lat'>9</span> <span class='ocrx_word' id='word_1_155' title='bbox 1435 1743 1515 1786; x_wconf 89' lang='lat' dir='ltr'>Iul.</span> <span class='ocrx_word' id='word_1_156' title='bbox 1543 1745 1666 1797; x_wconf 89' lang='lat'>1644,</span> <span class='ocrx_word' id='word_1_157' title='bbox 1698 1746 1742 1786; x_wconf 91' lang='lat' dir='ltr'>in</span> <span class='ocrx_word' id='word_1_158' title='bbox 1771 1758 1901 1788; x_wconf 86' lang='lat' dir='ltr'>causa</span> 
     </span>
     <span class='ocr_line' id='line_1_20' title="bbox 309 1815 1901 1871; baseline 0.001 -13"><span class='ocrx_word' id='word_1_159' title='bbox 309 1817 496 1870; x_wconf 86' lang='lat' dir='ltr'>archiep.</span> <span class='ocrx_word' id='word_1_160' title='bbox 521 1815 730 1858; x_wconf 88' lang='lat' dir='ltr'>Senonen.</span> <span class='ocrx_word' id='word_1_161' title='bbox 754 1829 849 1857; x_wconf 87' lang='lat' dir='ltr'>cum</span> <span class='ocrx_word' id='word_1_162' title='bbox 870 1815 951 1857; x_wconf 90' lang='grc' dir='ltr'>ΡΡ.</span> <span class='ocrx_word' id='word_1_163' title='bbox 976 1815 1071 1858; x_wconf 89' lang='grc'>0011.</span> <span class='ocrx_word' id='word_1_164' title='bbox 1096 1815 1137 1858; x_wconf 92' lang='lat' dir='ltr'><strong>S.</strong></span> <span class='ocrx_word' id='word_1_165' title='bbox 1161 1815 1196 1858; x_wconf 93' lang='lat' dir='ltr'>I.</span> <span class='ocrx_word' id='word_1_166' title='bbox 1221 1815 1450 1868; x_wconf 88' lang='lat' dir='ltr'>Senonen.,</span> <span class='ocrx_word' id='word_1_167' title='bbox 1473 1830 1577 1871; x_wconf 86' lang='lat' dir='ltr'>quos</span> <span class='ocrx_word' id='word_1_168' title='bbox 1597 1830 1742 1859; x_wconf 89' lang='lat' dir='ltr'>omnes</span> <span class='ocrx_word' id='word_1_169' title='bbox 1771 1818 1901 1860; x_wconf 88' lang='lat' dir='ltr'>inter-</span> 
     </span>
     <span class='ocr_line' id='line_1_21' title="bbox 310 1887 1898 1941; baseline 0.001 -12"><span class='ocrx_word' id='word_1_170' title='bbox 310 1888 475 1929; x_wconf 83' lang='lat' dir='ltr'>dixerat</span> <span class='ocrx_word' id='word_1_171' title='bbox 494 1888 548 1930; x_wconf 88' lang='lat' dir='ltr'>ab</span> <span class='ocrx_word' id='word_1_172' title='bbox 569 1887 790 1930; x_wconf 86' lang='lat' dir='ltr'>audiendis</span> <span class='ocrx_word' id='word_1_173' title='bbox 810 1887 1144 1929; x_wconf 84' lang='lat' dir='ltr'>confessionibus</span> <span class='ocrx_word' id='word_1_174' title='bbox 1173 1901 1200 1930; x_wconf 89' lang='lat' dir='ltr'>a</span> <span class='ocrx_word' id='word_1_175' title='bbox 1234 1887 1390 1930; x_wconf 88' lang='lat' dir='ltr'>domin.</span> <span class='ocrx_word' id='word_1_176' title='bbox 1429 1887 1665 1941; x_wconf 87' lang='lat' dir='ltr'>palmarum</span> <span class='ocrx_word' id='word_1_177' title='bbox 1699 1888 1753 1930; x_wconf 90' lang='lat' dir='ltr'>ad</span> <span class='ocrx_word' id='word_1_178' title='bbox 1786 1888 1898 1932; x_wconf 91' lang='lat' dir='ltr'>dom.</span> 
     </span>
    </p>
   </div>
   <div class='ocr_carea' id='block_1_12' title="bbox 310 1959 571 2062">
    <p class='ocr_par' dir='ltr' id='par_1_12' title="bbox 310 1959 571 2062">
     <span class='ocr_line' id='line_1_22' title="bbox 312 1959 503 2002; baseline 0.005 -1"><span class='ocrx_word' id='word_1_179' title='bbox 312 1960 356 2001; x_wconf 87' lang='lat' dir='ltr'>in</span> <span class='ocrx_word' id='word_1_180' title='bbox 378 1959 503 2002; x_wconf 83' lang='lat' dir='ltr'>albis.</span> 
     </span>
     <span class='ocr_line' id='line_1_23' title="bbox 310 2025 571 2062; baseline -0.004 -1"><span class='ocrx_word' id='word_1_181' title='bbox 310 2028 347 2061; x_wconf 90' lang='lat' dir='ltr'>ll</span> <span class='ocrx_word' id='word_1_182' title='bbox 370 2025 451 2061; x_wconf 92' lang='lat' dir='ltr'>Iun.</span> <span class='ocrx_word' id='word_1_183' title='bbox 473 2028 571 2062; x_wconf 84' lang='lat'>1650.</span> 
     </span>
    </p>
   </div>
   <div class='ocr_carea' id='block_1_13' title="bbox 1223 2134 1900 2172">
    <p class='ocr_par' dir='ltr' id='par_1_13' title="bbox 1223 2134 1900 2172">
     <span class='ocr_line' id='line_1_24' title="bbox 1223 2134 1900 2172; baseline 0.003 -2"><span class='ocrx_word' id='word_1_184' title='bbox 1223 2134 1376 2172; x_wconf 76' lang='lat' dir='ltr'>Elench.</span> <span class='ocrx_word' id='word_1_185' title='bbox 1396 2134 1485 2171; x_wconf 75' lang='lat' dir='ltr'><strong>buu.</strong></span> <span class='ocrx_word' id='word_1_186' title='bbox 1503 2135 1582 2171; x_wconf 71' lang='lat' dir='ltr'><strong>sub.</strong></span> <span class='ocrx_word' id='word_1_187' title='bbox 1601 2134 1639 2169; x_wconf 79' lang='lat' dir='ltr'><strong>d.</strong></span> <span class='ocrx_word' id='word_1_188' title='bbox 1659 2138 1680 2170; x_wconf 89' lang='lat'>3</span> <span class='ocrx_word' id='word_1_189' title='bbox 1697 2135 1782 2172; x_wconf 78' lang='lat' dir='ltr'>Feb.</span> <span class='ocrx_word' id='word_1_190' title='bbox 1802 2138 1900 2172; x_wconf 85' lang='lat'>1645.</span> 
     </span>
    </p>
   </div>
   <div class='ocr_carea' id='block_1_14' title="bbox 308 2243 1902 2512">
    <p class='ocr_par' dir='ltr' id='par_1_14' title="bbox 308 2243 1902 2512">
     <span class='ocr_line' id='line_1_25' title="bbox 391 2243 1898 2301; baseline -0.003 -11"><span class='ocrx_word' id='word_1_191' title='bbox 391 2246 465 2290; x_wconf 71' lang='lat'><strong>29.</strong></span> <span class='ocrx_word' id='word_1_192' title='bbox 498 2250 658 2300; x_wconf 72' lang='lat' dir='ltr'>Nuper</span> <span class='ocrx_word' id='word_1_193' title='bbox 672 2259 760 2300; x_wconf 74' lang='lat' dir='ltr'>pro</span> <span class='ocrx_word' id='word_1_194' title='bbox 776 2250 927 2301; x_wconf 69' lang='lat' dir='ltr'>par-te.</span> <span class='ocrx_word' id='word_1_195' title='bbox 952 2269 978 2275; x_wconf 92' lang='lat'>-</span> <span class='ocrx_word' id='word_1_196' title='bbox 998 2243 1142 2286; x_wconf 91' lang='lat' dir='ltr'>Innoc.</span> <span class='ocrx_word' id='word_1_197' title='bbox 1167 2243 1221 2298; x_wconf 88' lang='lat' dir='ltr'>X,</span> <span class='ocrx_word' id='word_1_198' title='bbox 1244 2244 1487 2298; x_wconf 87' lang='lat' dir='ltr'>petentibus</span> <span class='ocrx_word' id='word_1_199' title='bbox 1522 2248 1686 2286; x_wconf 88' lang='lat' dir='ltr'>rectore</span> <span class='ocrx_word' id='word_1_200' title='bbox 1722 2248 1765 2286; x_wconf 88' lang='lat' dir='ltr'>et</span> <span class='ocrx_word' id='word_1_201' title='bbox 1799 2244 1898 2286; x_wconf 88' lang='lat' dir='ltr'>cler.</span> 
     </span>
     <span class='ocr_line' id='line_1_26' title="bbox 312 2315 1902 2370; baseline 0 -13"><span class='ocrx_word' id='word_1_202' title='bbox 312 2316 445 2370; x_wconf 85' lang='lat' dir='ltr'>regul.</span> <span class='ocrx_word' id='word_1_203' title='bbox 469 2316 566 2358; x_wconf 89' lang='lat' dir='ltr'>coll.</span> <span class='ocrx_word' id='word_1_204' title='bbox 592 2315 876 2357; x_wconf 87' lang='lat' dir='ltr'>Mediolanen.</span> <span class='ocrx_word' id='word_1_205' title='bbox 902 2315 943 2358; x_wconf 91' lang='lat' dir='ltr'><strong>S.</strong></span> <span class='ocrx_word' id='word_1_206' title='bbox 980 2316 1034 2368; x_wconf 89' lang='lat'>1.,</span> <span class='ocrx_word' id='word_1_207' title='bbox 1072 2316 1244 2358; x_wconf 89' lang='lat' dir='ltr'>mandat</span> <span class='ocrx_word' id='word_1_208' title='bbox 1276 2320 1372 2370; x_wconf 76' lang='lat' dir='ltr'>epo,</span> <span class='ocrx_word' id='word_1_209' title='bbox 1409 2321 1583 2358; x_wconf 86' lang='lat' dir='ltr'>vacante</span> <span class='ocrx_word' id='word_1_210' title='bbox 1613 2315 1711 2358; x_wconf 88' lang='lat' dir='ltr'>sede</span> <span class='ocrx_word' id='word_1_211' title='bbox 1741 2315 1902 2358; x_wconf 87' lang='lat' dir='ltr'>Medio-</span> 
     </span>
     <span class='ocr_line' id='line_1_27' title="bbox 308 2386 1902 2440; baseline 0 -12"><span class='ocrx_word' id='word_1_212' title='bbox 308 2387 449 2439; x_wconf 85' lang='lat' dir='ltr'>lanen,</span> <span class='ocrx_word' id='word_1_213' title='bbox 472 2387 680 2439; x_wconf 89' lang='lat' dir='ltr'>viciniori,</span> <span class='ocrx_word' id='word_1_214' title='bbox 702 2392 749 2427; x_wconf 89' lang='lat' dir='ltr'>ut</span> <span class='ocrx_word' id='word_1_215' title='bbox 770 2387 991 2429; x_wconf 88' lang='lat' dir='ltr'>confirmet</span> <span class='ocrx_word' id='word_1_216' title='bbox 1011 2387 1050 2429; x_wconf 93' lang='lat' dir='ltr'>d.</span> <span class='ocrx_word' id='word_1_217' title='bbox 1075 2387 1265 2440; x_wconf 80' lang='lat' dir='ltr'>collegio,</span> <span class='ocrx_word' id='word_1_218' title='bbox 1289 2386 1342 2429; x_wconf 93' lang='lat' dir='ltr'>ob</span> <span class='ocrx_word' id='word_1_219' title='bbox 1364 2386 1656 2428; x_wconf 89' lang='lat' dir='ltr'>calamitosum</span> <span class='ocrx_word' id='word_1_220' title='bbox 1685 2400 1826 2428; x_wconf 90' lang='lat' dir='ltr'>rerum</span> <span class='ocrx_word' id='word_1_221' title='bbox 1858 2387 1902 2428; x_wconf 89' lang='lat' dir='ltr'>in</span> 
     </span>
     <span class='ocr_line' id='line_1_28' title="bbox 308 2457 1900 2512; baseline -0.001 -13"><span class='ocrx_word' id='word_1_222' title='bbox 308 2458 392 2499; x_wconf 90' lang='lat' dir='ltr'>illis</span> <span class='ocrx_word' id='word_1_223' title='bbox 413 2458 605 2512; x_wconf 87' lang='lat' dir='ltr'>partibus</span> <span class='ocrx_word' id='word_1_224' title='bbox 635 2462 810 2511; x_wconf 86' lang='lat' dir='ltr'>statum,</span> <span class='ocrx_word' id='word_1_225' title='bbox 833 2458 1079 2500; x_wconf 84' lang='lat' dir='ltr'>facultatem</span> <span class='ocrx_word' id='word_1_226' title='bbox 1115 2458 1400 2500; x_wconf 84' lang='lat' dir='ltr'>commutandi</span> <span class='ocrx_word' id='word_1_227' title='bbox 1434 2459 1478 2499; x_wconf 89' lang='lat' dir='ltr'>in</span> <span class='ocrx_word' id='word_1_228' title='bbox 1513 2471 1662 2500; x_wconf 83' lang='lat' dir='ltr'>census</span> <span class='ocrx_word' id='word_1_229' title='bbox 1696 2457 1900 2500; x_wconf 83' lang='lat' dir='ltr'>vitalitios</span> 
     </span>
    </p>
   </div>
   <div class='ocr_carea' id='block_1_15' title="bbox 307 2529 1608 2640">
    <p class='ocr_par' dir='ltr' id='par_1_15' title="bbox 307 2529 1608 2640">
     <span class='ocr_line' id='line_1_29' title="bbox 308 2529 1608 2584; baseline -0.001 -13"><span class='ocrx_word' id='word_1_230' title='bbox 308 2543 383 2584; x_wconf 89' lang='lat' dir='ltr'>pro</span> <span class='ocrx_word' id='word_1_231' title='bbox 404 2532 513 2571; x_wconf 87' lang='lat'>5000</span> <span class='ocrx_word' id='word_1_232' title='bbox 534 2543 611 2583; x_wconf 91' lang='lat' dir='ltr'>sc.‚</span> <span class='ocrx_word' id='word_1_233' title='bbox 635 2529 799 2584; x_wconf 82' lang='lat' dir='ltr'>aliquos</span> <span class='ocrx_word' id='word_1_234' title='bbox 820 2544 873 2571; x_wconf 85' lang='lat' dir='ltr'>ex</span> <span class='ocrx_word' id='word_1_235' title='bbox 894 2531 1045 2571; x_wconf 87' lang='lat' dir='ltr'>annuis</span> <span class='ocrx_word' id='word_1_236' title='bbox 1065 2529 1374 2572; x_wconf 87' lang='lat' dir='ltr'>redimibilibus</span> <span class='ocrx_word' id='word_1_237' title='bbox 1395 2529 1608 2571; x_wconf 86' lang='lat' dir='ltr'>censibus.</span> 
     </span>
     <span class='ocr_line' id='line_1_30' title="bbox 307 2596 1104 2640; baseline -0.001 -9"><span class='ocrx_word' id='word_1_238' title='bbox 307 2597 351 2631; x_wconf 84' lang='lat' dir='ltr'><strong>R.</strong></span> <span class='ocrx_word' id='word_1_239' title='bbox 371 2608 429 2640; x_wconf 87' lang='lat' dir='ltr'>ap.</span> <span class='ocrx_word' id='word_1_240' title='bbox 450 2596 486 2632; x_wconf 90' lang='lat' dir='ltr'><strong>S.</strong></span> <span class='ocrx_word' id='word_1_241' title='bbox 507 2597 556 2632; x_wconf 85' lang='lat' dir='ltr'><strong>M.</strong></span> <span class='ocrx_word' id='word_1_242' title='bbox 579 2597 628 2631; x_wconf 89' lang='lat' dir='ltr'><strong>M.</strong></span> <span class='ocrx_word' id='word_1_243' title='bbox 647 2597 662 2632; x_wconf 94' lang='grc' dir='ltr'>Ι</span> <span class='ocrx_word' id='word_1_244' title='bbox 681 2598 759 2631; x_wconf 83' lang='lat' dir='ltr'>Oct.</span> <span class='ocrx_word' id='word_1_245' title='bbox 782 2599 867 2632; x_wconf 89' lang='lat'>1650</span> <span class='ocrx_word' id='word_1_246' title='bbox 886 2597 926 2631; x_wconf 82' lang='lat' dir='ltr'><strong>P.</strong></span> <span class='ocrx_word' id='word_1_247' title='bbox 946 2608 1004 2631; x_wconf 85' lang='lat' dir='ltr'>an.</span> <span class='ocrx_word' id='word_1_248' title='bbox 1030 2597 1104 2632; x_wconf 70' lang='lat' dir='ltr'><strong>VH.</strong></span> 
     </span>
    </p>
   </div>
   <div class='ocr_carea' id='block_1_16' title="bbox 1518 2704 1896 2749">
    <p class='ocr_par' dir='ltr' id='par_1_16' title="bbox 1518 2704 1896 2749">
     <span class='ocr_line' id='line_1_31' title="bbox 1518 2704 1896 2749; baseline -0.003 -8"><span class='ocrx_word' id='word_1_249' title='bbox 1518 2706 1605 2749; x_wconf 76' lang='lat' dir='ltr'><strong>Rey.</strong></span> <span class='ocrx_word' id='word_1_250' title='bbox 1624 2704 1714 2739; x_wconf 82' lang='lat' dir='ltr'><strong>bull.</strong></span> <span class='ocrx_word' id='word_1_251' title='bbox 1739 2704 1800 2740; x_wconf 85' lang='lat' dir='ltr'>Vl.</span> <span class='ocrx_word' id='word_1_252' title='bbox 1821 2707 1896 2742; x_wconf 83' lang='lat'><strong>109.</strong></span> 
     </span>
    </p>
   </div>
   <div class='ocr_carea' id='block_1_17' title="bbox 303 2797 1895 3082">
    <p class='ocr_par' dir='ltr' id='par_1_17' title="bbox 303 2797 1895 3082">
     <span class='ocr_line' id='line_1_32' title="bbox 387 2797 1892 2870; baseline -0.003 -11"><span class='ocrx_word' id='word_1_253' title='bbox 387 2815 461 2859; x_wconf 81' lang='lat'>30.</span> <span class='ocrx_word' id='word_1_254' title='bbox 494 2820 653 2870; x_wconf 71' lang='lat' dir='ltr'>Nuper·</span> <span class='ocrx_word' id='word_1_255' title='bbox 670 2829 756 2870; x_wconf 73' lang='lat' dir='ltr'>pro</span> <span class='ocrx_word' id='word_1_256' title='bbox 775 2820 925 2870; x_wconf 57' lang='grc' dir='ltr'>μανία.</span> <span class='ocrx_word' id='word_1_257' title='bbox 949 2839 974 2844; x_wconf 98' lang='grc'>-</span> <span class='ocrx_word' id='word_1_258' title='bbox 995 2813 1142 2855; x_wconf 89' lang='lat' dir='ltr'>Innoc.</span> <span class='ocrx_word' id='word_1_259' title='bbox 1166 2812 1220 2867; x_wconf 90' lang='lat' dir='ltr'>X,</span> <span class='ocrx_word' id='word_1_260' title='bbox 1243 2817 1415 2867; x_wconf 85' lang='lat' dir='ltr'>petente</span> <span class='ocrx_word' id='word_1_261' title='bbox 1449 2826 1596 2867; x_wconf 85' lang='lat' dir='ltr'>praep.</span> <span class='ocrx_word' id='word_1_262' title='bbox 1634 2797 1760 2855; x_wconf 46' lang='lat' dir='ltr'>doms</span> <span class='ocrx_word' id='word_1_263' title='bbox 1783 2812 1892 2866; x_wconf 87' lang='lat' dir='ltr'>prof.</span> 
     </span>
     <span class='ocr_line' id='line_1_33' title="bbox 305 2883 1892 2937; baseline -0.001 -11"><span class='ocrx_word' id='word_1_264' title='bbox 305 2884 348 2926; x_wconf 92' lang='lat' dir='ltr'><strong>S.</strong></span> <span class='ocrx_word' id='word_1_265' title='bbox 385 2883 420 2926; x_wconf 90' lang='lat'>1.</span> <span class='ocrx_word' id='word_1_266' title='bbox 459 2883 783 2937; x_wconf 83' lang='lat' dir='ltr'>Neapolitanae,</span> <span class='ocrx_word' id='word_1_267' title='bbox 807 2885 979 2926; x_wconf 78' lang='lat' dir='ltr'>mandat</span> <span class='ocrx_word' id='word_1_268' title='bbox 984 2918 1065 2926; x_wconf 93' lang='lat'><strong>.....</strong></span> <span class='ocrx_word' id='word_1_269' title='bbox 1105 2890 1151 2925; x_wconf 89' lang='lat' dir='ltr'>ut</span> <span class='ocrx_word' id='word_1_270' title='bbox 1184 2884 1386 2926; x_wconf 86' lang='lat' dir='ltr'>concedat</span> <span class='ocrx_word' id='word_1_271' title='bbox 1421 2884 1462 2926; x_wconf 93' lang='lat' dir='ltr'>d.</span> <span class='ocrx_word' id='word_1_272' title='bbox 1501 2884 1643 2926; x_wconf 90' lang='lat' dir='ltr'>domui</span> <span class='ocrx_word' id='word_1_273' title='bbox 1678 2884 1892 2926; x_wconf 86' lang='lat' dir='ltr'>licentiam</span> 
     </span>
     <span class='ocr_line' id='line_1_34' title="bbox 303 2953 1892 3010; baseline 0 -14"><span class='ocrx_word' id='word_1_274' title='bbox 303 2955 548 3009; x_wconf 86' lang='lat' dir='ltr'>imponendi</span> <span class='ocrx_word' id='word_1_275' title='bbox 596 2969 746 2998; x_wconf 90' lang='lat' dir='ltr'>census</span> <span class='ocrx_word' id='word_1_276' title='bbox 795 2956 995 2997; x_wconf 85' lang='lat' dir='ltr'>vitalitios</span> <span class='ocrx_word' id='word_1_277' title='bbox 1035 2955 1235 3010; x_wconf 85' lang='lat' dir='ltr'>quosdam</span> <span class='ocrx_word' id='word_1_278' title='bbox 1291 2956 1343 2997; x_wconf 88' lang='lat' dir='ltr'>ad</span> <span class='ocrx_word' id='word_1_279' title='bbox 1384 2954 1579 2997; x_wconf 83' lang='lat' dir='ltr'>effectum</span> <span class='ocrx_word' id='word_1_280' title='bbox 1618 2953 1892 3008; x_wconf 86' lang='lat' dir='ltr'>extinguendi</span> 
     </span>
     <span class='ocr_line' id='line_1_35' title="bbox 304 3022 1895 3082; baseline 0 -14"><span class='ocrx_word' id='word_1_281' title='bbox 304 3040 464 3070; x_wconf 85' lang='lat' dir='ltr'>annuos</span> <span class='ocrx_word' id='word_1_282' title='bbox 485 3032 712 3082; x_wconf 87' lang='lat' dir='ltr'>perpetuos</span> <span class='ocrx_word' id='word_1_283' title='bbox 730 3022 895 3069; x_wconf 38' lang='lat' dir='ltr'>‘census</span> <span class='ocrx_word' id='word_1_284' title='bbox 928 3028 983 3069; x_wconf 89' lang='lat' dir='ltr'>ad</span> <span class='ocrx_word' id='word_1_285' title='bbox 1017 3030 1096 3069; x_wconf 88' lang='lat'>600</span> <span class='ocrx_word' id='word_1_286' title='bbox 1132 3027 1225 3069; x_wconf 88' lang='lat' dir='ltr'>duc.</span> <span class='ocrx_word' id='word_1_287' title='bbox 1265 3028 1308 3068; x_wconf 91' lang='lat' dir='ltr'>in</span> <span class='ocrx_word' id='word_1_288' title='bbox 1344 3041 1489 3069; x_wconf 87' lang='lat' dir='ltr'>eorum</span> <span class='ocrx_word' id='word_1_289' title='bbox 1525 3030 1636 3069; x_wconf 88' lang='lat' dir='ltr'>sorte</span> <span class='ocrx_word' id='word_1_290' title='bbox 1671 3025 1895 3081; x_wconf 85' lang='lat' dir='ltr'>principali</span> 
     </span>
    </p>
   </div>
  </div>
 </body>
</html>
