1989 3252
683 471 1296 546 INNOGENTH
1346 475 1436 548 X.

257 715 492 751 Innocentius
522 715 567 755 X,
598 716 799 757 Romanus,
819 716 976 752 Ioannes
1007 718 1110 761 Bapt.
1145 718 1379 762 Pamphilius
1400 720 1504 755 Card.
1537 721 1591 756 tit.
1627 721 1664 757 S.
1698 723 1861 768 Eusebii,

346 775 490 804 creatus
508 770 575 804 XV
593 769 708 813 Sept.q
728 779 925 805 coronatus
943 771 990 806 IV
1013 772 1182 807 Octobris
1203 776 1299 818 1644,
1320 774 1410 808 obiit
1428 775 1494 810 VlI
1509 776 1587 811 Ian.
1609 779 1704 813 1655.

261 824 302 859 Ρ.
320 824 491 859 Sfortiain
512 824 780 859 pallavicinum
797 825 892 859 inter
918 826 1111 869 theologos
1136 827 1290 872 adlegit,
1309 839 1463 871 quorum
1494 831 1645 865 consilio
1675 832 1862 869 damnavit

346 882 387 914 24
405 879 482 913 Ian.
504 882 587 914 1647
606 884 782 913 assertam
799 880 1048 915 omnimodam
1068 883 1328 924 aequalitatem
1350 884 1446 918 inter
1464 884 1527 919 SS.
1552 885 1698 921 Petrum
1717 892 1751 920 et
1771 887 1860 922 Pau-

346 934 422 968 lum
441 935 519 968 sine
537 934 842 969 subordinatione
863 935 972 970 huius
991 936 1036 969 ad
1054 937 1159 970 illum
1187 938 1223 971 in
1241 939 1421 981 regimine
1446 940 1646 982 Ecclesiae,
1666 953 1708 975 ac
1730 943 1861 978 deinde

347 992 383 1023 31
408 989 495 1023 Maii
518 992 610 1029 1653,
633 990 794 1032 quinque
827 991 1092 1033 propositiones
1108 992 1279 1027 lansenii
1303 993 1344 1027 Ρ.
1367 994 1560 1029 Francisco
1589 996 1861 1033 Piccolomineo

349 1044 536 1088 negotium
556 1045 656 1078 dedit
683 1050 721 1078 ut
746 1044 972 1079 Christinam
992 1045 1146 1080 Sueciae
1177 1047 1341 1090 reginam
1369 1050 1414 1081 ab
1445 1048 1590 1083 haeresi
1621 1053 1860 1086 revocandam

348 1105 572 1142 procuraret,
591 1099 636 1147 ad
653 1110 762 1142 quam
782 1100 917 1134 idcirco
935 1101 1068 1134 missus
1087 1105 1142 1136 est
1159 1102 1199 1136 Ρ.
1220 1102 1357 1136 Paulus
1376 1103 1530 1138 Casatus
1549 1104 1585 1139 S.
1605 1105 1631 1140 I.
1653 1105 1858 1150 theologus

263 1153 349 1187 Eius
367 1154 464 1188 iussu
483 1155 719 1198 congregatio
739 1155 983 1198 particularis,
1006 1157 1229 1191 Bernardino
1253 1158 1360 1191 Card.
1382 1159 1501 1201 Spada
1523 1161 1718 1201 praefecto.
1737 1163 1757 1195 5
1775 1173 1859 1196 non.

346 1210 433 1253 Apr.
455 1212 538 1245 1653
563 1211 607 1243 ad
629 1211 800 1244 loannem
832 1212 874 1245 de
895 1211 1048 1246 Palafox
1076 1213 1427 1255 Angelopolitanum
1454 1213 1666 1257 episcopum
1687 1215 1861 1252 Societati

352 1277 469 1298 nunus
488 1266 671 1299 faventem
703 1265 877 1309 scripsit:
898 1273 915 1292 ‘⁴
942 1266 993 1300 Te
1019 1266 1128 1300 etiam
1158 1273 1267 1309 atque
1297 1268 1408 1302 etiam
1437 1268 1628 1304 hortamur
1656 1274 1709 1312 ut,
1727 1283 1770 1306 ea
1790 1283 1862 1314 qua

349 1321 451 1354 decet
477 1321 513 1354 in
534 1328 605 1354 tam
626 1321 848 1354 laudabilem
874 1322 1147 1364 proficuunique
1165 1323 1328 1356 ordinem
1347 1323 1630 1368 existimatione,
1651 1326 1859 1369 religiosam

348 1375 442 1409 hanc
460 1376 651 1413 familiam,
672 1376 707 1409 in
726 1376 832 1410 vinea
850 1377 994 1411 Domini
1011 1387 1153 1411 summo
1171 1388 1253 1410 cum
1269 1379 1386 1411 fructu
1407 1390 1449 1412 ac
1463 1379 1588 1414 labore
1607 1380 1859 1423 desudantem,

346 1438 497 1474 paterna
515 1431 694 1465 charitate
713 1432 946 1474 amplectaris
973 1443 1015 1465 ac
1033 1432 1154 1466 foveas
1188 1450 1204 1468 n
1225 1434 1268 1466 Et
1288 1435 1524 1477 congregatio
1552 1435 1587 1470 S.
1608 1436 1861 1478 Inquisitionis

346 1487 383 1520 in
413 1487 557 1521 decreto
587 1488 629 1521 23
653 1487 740 1530 Apr.
775 1489 886 1522 1654:
921 1502 936 1514 u
969 1488 1177 1531 Caeterum,
1206 1499 1316 1530 quum
1347 1490 1652 1524 circumferantur
1681 1493 1860 1533 quaedam

345 1547 484 1577 asserta
500 1546 597 1583 acta,
617 1543 867 1585 manuscripta
894 1547 930 1577 et
950 1543 1103 1577 forsitan
1130 1544 1225 1587 typis
1250 1554 1396 1585 excusa,
1418 1546 1743 1588 congregationum
1763 1548 1862 1582 habi—

346 1603 465 1632 tarum
485 1608 608 1632 coram
626 1598 671 1631 fe.
694 1608 764 1632 rec.
784 1598 972 1632 Clemente
993 1599 1073 1634 VIII
1088 1602 1124 1634 et
1149 1599 1265 1633 Paulo
1284 1600 1314 1634 V
1333 1611 1442 1641 super
1465 1601 1678 1642 quaestione
1696 1602 1740 1636 de
1757 1604 1859 1638 auxi-

347 1653 405 1687 liis
416 1653 568 1696 gratiae,
582 1657 656 1686 tani
670 1654 736 1687 sub
751 1653 896 1687 nomine
912 1653 1098 1688 Francisci
1113 1653 1274 1697 Pegnae,
1291 1655 1379 1689 olim
1393 1655 1507 1690 Rotae
1521 1655 1707 1691 Romanae
1718 1658 1858 1700 decani,

347 1719 455 1751 quam
475 1709 536 1743 Fr.
554 1708 718 1743 Thomae
737 1709 868 1743 Lemos
886 1709 927 1744 O.
944 1709 1005 1743 Pr.
1022 1709 1250 1752 aliorumque
1269 1711 1514 1754 praelatorum
1536 1715 1572 1746 et
1590 1712 1860 1758 theologorum,

347 1764 422 1806 qui,
442 1769 481 1798 ut
509 1764 699 1798 asseritur.
718 1764 914 1807 praedictis
932 1762 1179 1799 interfuerunt
1196 1766 1555 1809 congregationibus,
1583 1777 1723 1801 necnon
1748 1769 1859 1811 quod—

346 1820 428 1853 dain
459 1819 727 1862 autographum
756 1830 818 1853 seu
849 1820 1035 1863 exemplar·
1063 1824 1225 1854 assertae
1255 1821 1526 1856 constitutionis
1557 1821 1663 1856 Pauli
1693 1823 1724 1857 V
1750 1835 1860 1867 super

346 1874 558 1908 definitione
589 1870 796 1917 praedictae
825 1874 1051 1916 quaestionis
1070 1885 1112 1908 ac
1141 1875 1386 1909 damnationis
1406 1878 1608 1911 sententiae
1633 1889 1694 1911 seu
1712 1882 1856 1913 senten-

344 1929 476 1964 tiarum
508 1929 599 1963 Lud.
620 1929 781 1963 Molinae
800 1929 835 1964 S.
854 1929 882 1964 I.
905 1940 912 1963 ε
932 1929 1060 1964 cadem
1079 1929 1275 1970 Sanctitas,
1297 1941 1362 1964 suo
1390 1932 1567 1973 praesenti
1601 1933 1669 1966 hoc
1697 1933 1855 1976 decreto,

343 1985 507 2019 declarat
535 1995 577 2018 ac
606 1984 772 2019 decernit
789 1985 984 2028 praedictis
1012 1985 1160 2019 assertis
1177 1985 1269 2018 actis
1297 1990 1368 2019 tam
1396 1997 1459 2029 pro
1477 1987 1660 2022 sententia
1677 1987 1748 2023 FF.
1769 1988 1856 2024 Ord.

344 2040 380 2075 S.
410 2039 591 2074 Dominici
621 2050 731 2082 quam
754 2039 927 2074 Ludovici
957 2039 1119 2074 Molinae
1149 2040 1378 2083 aliorumque
1409 2040 1446 2075 S.
1472 2042 1501 2077 I.
1530 2042 1796 2085 religiosorum.
1822 2047 1858 2078 et

342 2093 573 2138 autographo
607 2094 682 2128 sive
712 2094 911 2137 exemplari
945 2094 1151 2137 praedictae
1184 2100 1346 2129 assertae
1378 2096 1651 2132 constitutionis
1686 2097 1790 2132 Pauli
1827 2098 1856 2133 V

346 2150 482 2184 nullam
509 2149 658 2183 omnino
675 2160 756 2184 esse
784 2150 893 2183 fidem
922 2149 1182 2188 adhibendam,
1207 2161 1323 2192 neque
1341 2151 1386 2184 ab
1417 2151 1596 2185 alterutra
1625 2157 1727 2196 parte
1756 2163 1819 2187 seu
1837 2164 1859 2188 a

343 2215 572 2247 quocumque
591 2204 664 2238 alio
688 2204 843 2248 allegari
862 2215 965 2247 posse
985 2204 1041 2238 vel
1066 2205 1210 2246 debere,
1229 2206 1291 2239 sed
1311 2217 1422 2248 super
1439 2207 1652 2248 quaestione
1672 2207 1858 2250 praedicta

343 2259 571 2295 observanda
584 2271 662 2294 esse
676 2260 824 2294 decreta
840 2259 945 2294 Pauli
963 2259 992 2294 V
1007 2265 1042 2293 et
1056 2259 1197 2295 Urbani
1214 2260 1297 2296 VIII
1313 2272 1460 2296 suorum
1482 2261 1818 2297 Praedecessorum.
1840 2280 1857 2298 n

342 2560 380 2603 1.
414 2556 454 2600 S.
495 2555 578 2600 Rit.
622 2555 771 2611 congr.
815 2582 841 2587 -
879 2552 1103 2598 Decretum
1138 2552 1189 2598 de
1220 2553 1469 2611 apponendo
1509 2551 1581 2599 off.
1615 2555 1656 2598 S.
1694 2554 1849 2610 Ignatii

256 2630 300 2671 in
322 2630 435 2672 brev.
461 2630 665 2682 Romano,
688 2628 757 2671 die
778 2630 869 2671 eius
892 2628 999 2670 festo
1019 2630 1069 2670 31
1093 2627 1173 2670 Iul.

257 2699 300 2733 29
318 2697 396 2731 Oct.
418 2699 516 2733 1644.

1585 2804 1737 2839 Ecench.
1758 2804 1834 2838 1le
1839 2830 1845 2838 .

339 2930 381 2975 ⁶2.
416 2937 488 2975 Eas
506 2936 711 2975 iniuncto
731 2932 878 2975 nobis.
908 2927 1099 2971 —Innoc.
1135 2926 1175 2968 X
1212 2925 1452 2981 petentibus
1486 2928 1590 2968 rect.
1630 2929 1674 2967 et
1702 2923 1843 2979 presb.

254 3002 350 3045 coll.
375 3002 415 3045 S.
440 3001 475 3045 I.
499 3003 693 3044 Parmen.
719 3001 894 3045 mandat
913 3002 994 3044 vic.
1012 3013 1107 3054 gen.
1129 3000 1315 3054 episcopi
1336 2998 1533 3040 Parmen.
1558 3000 1605 3039 ut
1625 2996 1844 3048 concedat,

1952 3178 1969 3214 ἒ
