1989 3252
307 218 449 261 Clcm.
473 217 534 260 X.
986 244 1028 249 —
1062 221 1142 260 398
1174 244 1223 249 ——
1759 223 1888 267 1674.

385 306 456 349 51.
492 304 542 346 A.
567 304 613 346 F.
638 304 687 346 R.
714 305 771 347 M.
797 313 981 363 Empom‘
999 311 1129 351 nohis
1150 323 1310 365 nuper.
1342 332 1368 338 -
1399 308 1532 350 Clem.
1565 307 1619 361 X,
1650 309 1894 362 petentibus

304 374 538 416 rectoribus
560 376 831 429 collegiorum
853 378 933 419 civ.
956 377 1169 427 Quitensis
1190 383 1232 420 et
1251 377 1293 420 S.
1316 378 1436 420 Fidei
1456 380 1553 420 novi
1583 381 1699 432 regni
1733 379 1892 422 Grana-

304 447 433 487 tensis
454 447 497 487 in
518 446 652 488 Indiis
672 447 816 490 Occid.
840 454 882 490 et
916 449 1140 502 praefectis
1176 450 1426 503 studiorum,
1458 451 1649 492 concedit
1677 451 1893 504 graduatis

301 521 343 558 et
378 517 579 559 laureatis
615 517 683 560 dd.
722 519 818 561 coll.
853 520 1104 571 facultatem
1142 521 1418 562 concurrendi
1452 521 1504 562 ad
1541 522 1813 563 canonicatus
1849 528 1893 564 et

302 588 566 641 praebendas
605 588 841 631 doctorales
890 591 954 632 vel
1006 591 1285 645 magistrales
1328 591 1521 634 Gale-atio
1574 593 1897 647 archiepiscopo.

301 657 491 700 Corinthi
522 674 597 701 suo
618 661 661 701 iu
683 662 821 714 regnis
842 661 963 715 Hisp.
989 662 1148 704 Nuntio
1169 663 1342 704 mandat
1370 667 1578 718 quatenus
1607 665 1891 718 praesentium

300 729 451 772 effectu
483 732 566 772 frui
596 746 679 773 non
709 734 1003 785 permittentes
1024 738 1277 788 compescat.

237 793 241 795 ’
297 796 341 831 R.
362 808 419 840 ap.
441 797 477 832 S.
498 798 545 832 M.
567 798 617 833 M.
637 798 748 834 XXX
767 799 853 834 Maii
877 803 959 835 1674
979 801 1018 835 Ρ.
1038 812 1098 836 an.
1118 802 1160 835 V.

914 910 1002 953 Rey.
1024 910 1112 944 bull.
1141 910 1201 944 VI.
1222 913 1298 946 222.
1318 929 1360 935 —
1376 911 1500 945 Fund.
1516 922 1624 954 prov.
1643 911 1740 945 Novi
1754 912 1890 956 Regni.

381 1021 452 1064 52.
486 1019 536 1062 A.
561 1019 608 1061 F.
633 1019 684 1061 R.
708 1019 766 1062 M.
796 1026 1018 1067 Quoniam
1040 1036 1093 1064 ea
1113 1035 1241 1076 quae.
1265 1045 1290 1051 —
1306 1019 1437 1062 Clem.
1456 1019 1495 1060 X
1517 1020 1734 1073 episcopos
1749 1019 1890 1062 India-

297 1104 389 1131 rum
411 1095 453 1131 et
474 1091 730 1144 regularium
754 1092 883 1132 etiam
905 1091 948 1133 S.
972 1091 1005 1132 I.
1032 1091 1273 1144 Superiores
1303 1093 1421 1133 iubet
1441 1091 1664 1132 observare
1685 1092 1888 1133 constitu-

296 1163 432 1203 tiones
465 1163 717 1216 apostolicas
754 1168 797 1204 et
833 1162 1000 1204 decreta
1031 1164 1364 1216 congregationis
1395 1162 1682 1205 Cardinalium
1712 1165 1889 1217 negotiis

295 1233 589 1286 propagandae
612 1233 710 1276 fidei
731 1235 1082 1288 praepositorum.

298 1299 341 1334 R.
361 1310 419 1343 ap.
442 1299 476 1334 S.
499 1300 548 1333 M.
568 1301 620 1335 M.
639 1300 706 1336 VII
728 1301 807 1335 Iun.
829 1302 913 1336 1674
932 1301 974 1335 Ρ.
994 1312 1053 1335 an.
1073 1301 1115 1335 V.

292 1409 394 1444 Ball.
414 1410 521 1445 Rom.
540 1429 585 1434 —
601 1409 704 1445 Buca.
724 1411 769 1444 de
783 1420 939 1455 propay.
958 1410 1032 1453 fide
1049 1409 1078 1443 I.
1097 1412 1174 1444 449.
1628 1410 1779 1445 Elench.
1799 1411 1887 1444 bull.

375 1522 447 1565 53.
483 1519 632 1571 congr.
658 1517 699 1561 S.
725 1516 805 1560 Off.
830 1544 856 1549 -
877 1518 909 1559 F
911 1532 1028 1560 rano.
1057 1519 1281 1572 episcopus
1319 1519 1512 1560 Hostien.
1554 1518 1809 1561 Barberinus
1844 1525 1887 1562 et

293 1590 445 1631 Cardd.
471 1589 602 1643 Cybo,
630 1590 894 1642 Othobonus⁷
918 1590 1101 1643 Chisius‚
1125 1590 1177 1631 de
1200 1590 1386 1643 Alteriis,
1410 1590 1643 1644 Rasponus,
1666 1590 1885 1633 Portocar-

290 1675 399 1714 rero,
424 1662 556 1713 Bona⁷
580 1662 828 1715 Carpineus,
852 1662 1041 1713 Destree‚
1063 1661 1246 1703 Nerlius.
1272 1663 1507 1714 Arrolinus,
1530 1661 1754 1715 Cataneus,
1787 1676 1885 1705 con-

292 1733 448 1775 cedunt
468 1734 515 1775 P.
539 1733 754 1775 Bernardo
775 1734 1024 1775 Paravicino
1047 1733 1090 1775 S.
1112 1733 1147 1774 I.
1171 1734 1215 1775 in
1239 1733 1514 1775 Valletellina
1542 1733 1713 1776 Comen.
1747 1734 1880 1776 dioec.

289 1806 568 1846 commoranti
589 1805 836 1846 facultatem
858 1805 1023 1859 legendi
1043 1819 1187 1847 omnes
1209 1806 1441 1860 prohibitos
1462 1806 1604 1856 libros,
1637 1820 1729 1847 exc.
1755 1805 1878 1848 Moli-

290 1877 401 1928 naei,
424 1876 517 1918 Nic.
543 1876 841 1919 Macchiavelli
865 1877 1064 1930 operibus
1085 1891 1135 1919 ac
1156 1876 1277 1919 libris
1297 1877 1348 1919 de
1369 1877 1594 1931 astrologia
1613 1877 1848 1920 iudiciaria.

287 1945 328 1977 30
347 1943 441 1987 Aug.
467 1945 561 1981 1674,
583 1943 688 1976 Pont.
711 1943 823 1977 Clem.
845 1944 880 1978 X
897 1955 955 1977 an.
976 1946 1007 1979 5.

1494 2037 1584 2079 Περ.
1603 2037 1693 2072 bull.
1723 2038 1783 2071 VI.
1804 2040 1879 2073 223.

370 2146 444 2190 54.
479 2150 598 2188 Licet
617 2160 683 2188 ea.
707 2169 732 2175 -
755 2144 988 2186 Clementis
1009 2144 1047 2185 X
1067 2145 1328 2187 confirmatio
1359 2145 1622 2186 facultatum.
1648 2147 1878 2200 exemptio-

286 2227 386 2254 num
409 2219 451 2255 et
470 2214 784 2268 privilegiorum
806 2216 849 2256 in
870 2215 1055 2257 favorem
1077 2216 1173 2257 coll.
1197 2216 1438 2257 Germanici
1458 2230 1483 2257 a
1514 2216 1620 2257 lulio
1650 2215 1730 2269 III,
1753 2216 1874 2270 Greg.

285 2283 406 2337 XIII,
430 2284 562 2328 Clem.
587 2285 705 2338 VIII,
729 2286 851 2340 Greg.
876 2285 953 2327 XV
975 2291 1017 2328 et
1036 2286 1168 2329 Clcm.
1192 2286 1252 2328 IX
1273 2301 1594 2336 concessorum„

284 2353 302 2383 3
322 2352 410 2385 Nov.
432 2355 527 2387 1574.

1616 2431 1768 2466 Elench.
1788 2432 1875 2467 bule.

365 2539 437 2583 55.
472 2544 653 2594 Empom‘
681 2541 809 2582 nobis
842 2554 1002 2595 nuper.
1038 2565 1063 2570 —
1092 2539 1226 2581 Clem.
1264 2538 1317 2591 X,
1350 2539 1589 2592 petentibus
1619 2540 1875 2594 presbyteris

284 2609 460 2651 confrat.
487 2622 557 2649 seu
580 2623 722 2662 congr.
747 2609 787 2651 S.
812 2609 926 2651 Petri
950 2611 991 2651 in
1013 2610 1213 2652 cathedra
1238 2610 1459 2663 Ragusin.‚
1483 2611 1657 2652 mandat
1676 2612 1873 2666 archiep&

283 2678 469 2732 Ragusin
504 2684 550 2721 ut
565 2681 616 2721 iis
635 2681 836 2722 concedat
859 2681 1104 2723 facultatem
1127 2681 1350 2734 vendendi,
1371 2687 1418 2722 ut
1434 2682 1579 2735 perfici
1597 2679 1728 2736 possit
1744 2683 1873 2723 fabri-

280 2764 330 2791 ca
355 2751 451 2792 coll.
476 2751 518 2792 S.
542 2751 576 2792 1.
601 2751 640 2792 d.
665 2753 764 2804 civ.‚
784 2751 886 2793 duas
909 2752 1053 2794 domos
1088 2752 1251 2794 dirutas
1288 2757 1329 2793 et
1373 2753 1592 2805 cisternas,
1625 2755 1758 2807 pretio
1792 2756 1869 2795 140

280 2821 375 2863 duc.
401 2822 454 2863 ad
476 2824 680 2864 rationem
701 2825 754 2864 40
775 2837 1012 2876 grossorum
1036 2837 1146 2865 mon.
1171 2823 1372 2877 Ragusin.
1398 2838 1472 2877 pro
1493 2825 1681 2878 quolibet
1706 2825 1801 2866 duc.
1826 2826 1869 2866 in

280 2892 480 2934 fabricam
501 2894 723 2946 hospitalis
744 2894 1043 2936 reaedificandi
1065 2895 1361 2936 convertendo.

276 2958 310 2993 R
341 2970 398 3001 ap.
421 2959 456 2993 S.
476 2960 528 2993 M.
546 2960 595 2995 M.
618 2960 679 2995 Vll
701 2960 789 2994 Nov.
812 2963 896 2996 1674
916 2961 955 2994 P.
976 2971 1034 2995 an.
1062 2961 1099 2993 V.

1452 3047 1540 3092 Rey.
1559 3048 1647 3082 bule.
1671 3048 1732 3082 VI.
1752 3049 1818 3082 225
1834 3048 1870 3086 b.
