1989 3252
276 273 420 318 Clem.
441 271 579 316 XIII.
935 293 990 300 —-
1017 268 1098 309 488
1126 291 1182 300 -
1738 269 1864 314 1763.

279 359 488 413 significat
522 357 662 400 edicta
696 370 768 400 seu
804 360 967 399 arresta
1005 356 1364 410 parlamentorum
1398 356 1442 396 in
1477 354 1728 397 Societatem
1766 353 1863 396 Iesu

277 431 407 472 fuisse
428 430 472 471 in
492 429 649 471 consist
668 442 775 470 secr.
794 427 859 469 III
880 427 994 482 Sept.
1013 428 1208 480 rescissa,
1229 440 1409 481 eumque
1425 425 1479 468 ad
1493 425 1787 467 vindicandam
1811 425 1864 467 ab

281 502 448 544 iniuriis
469 501 581 543 cath.
605 500 841 542 Ecclesiam
862 500 1054 541 hortatur
1078 532 1085 541 .

278 569 323 604 R.
344 579 402 611 ap.
422 568 473 602 M.
492 567 542 602 M.
562 567 645 602 VIII
663 566 762 610 Sept.
783 567 868 602 1762
884 566 925 601 P.
944 576 1003 601 an.
1023 565 1068 601 V.

277 676 379 712 Butl.
397 677 502 712 Rom.

360 799 427 843 31.
464 800 735 852 Accepimus
754 797 1085 851 fraternitatis.
1116 819 1141 825 -
1176 793 1307 836 Clem.
1340 793 1445 835 XIII
1477 793 1673 835 Iusonem
1709 792 1869 834 archie-

279 869 498 922 piscopum
522 867 793 908 Polocensem
814 866 1007 907 hortatur
1023 870 1069 906 ut
1084 866 1430 907 Mokiloviensem
1447 864 1566 913 ech,
1585 863 1868 905 schismaticis

281 939 334 981 ab
356 940 447 981 eius
482 939 683 992 regimine
704 937 906 992 depulsis,
932 936 1149 978 Polocensi
1174 937 1227 978 ab
1249 950 1357 978 anno
1382 937 1486 977 1619
1508 936 1671 976 unitam
1701 933 1869 976 restitui

283 1015 417 1062 curet,
441 1023 519 1051 nec
551 1009 697 1050 litibus
732 1008 928 1062 impediri
963 1022 1007 1050 se
1042 1007 1155 1050 dicat
1175 1022 1201 1050 a
1221 1008 1388 1050 clericis
1408 1021 1493 1061 reg.
1517 1006 1559 1048 S.
1591 1006 1646 1058 1.,
1670 1019 1774 1060 quas
1794 1018 1870 1059 per

282 1083 417 1124 Breve
437 1086 537 1123 ante
568 1084 591 1122 6
623 1094 789 1122 menses
823 1079 1055 1132 diremptas
1085 1080 1179 1132 scit,
1213 1079 1285 1122 sed
1305 1079 1411 1120 fines
1431 1079 1637 1120 bonorum
1658 1076 1871 1119 communi

287 1167 488 1195 consensu
513 1153 696 1206 partium
717 1151 931 1193 terminet.

286 1221 327 1255 R.
347 1232 405 1263 ap.
427 1220 463 1255 S.
486 1220 536 1255 M.
558 1219 607 1254 M.
626 1219 675 1254 IV
697 1218 779 1253 Dec.
802 1220 886 1254 1762
905 1219 945 1254 P.
965 1230 1025 1254 an.
1044 1219 1088 1253 V.

283 1329 384 1364 Ball.
405 1330 510 1365 Rom.

368 1452 441 1495 32.
475 1452 676 1494 Litteras
695 1450 1024 1504 fraternitatis.
1038 1444 1208 1487 -Clem.
1227 1443 1331 1485 XIII
1348 1443 1625 1486 Guillelmum
1643 1441 1873 1495 archiepis-

287 1535 439 1575 copum
457 1520 739 1562 Viennensem
756 1521 799 1560 in
820 1519 1076 1572 Delphinatu
1095 1517 1241 1558 laudat
1256 1515 1367 1570 quod
1383 1514 1633 1556 arbitrariae
1654 1513 1874 1555 canonico-

288 1607 380 1634 rum
402 1592 534 1646 regul.
560 1591 600 1633 S.
626 1590 735 1632 Ruffi
770 1589 1055 1644 suppressioni
1076 1588 1288 1630 obstiterit
1312 1602 1320 1639 3
1340 1586 1391 1628 de
1409 1586 1540 1640 pulsis
1571 1585 1725 1627 isthinc
1754 1583 1876 1625 cleri-

290 1665 349 1705 cis
369 1678 454 1717 reg.
474 1663 517 1705 S.
541 1663 574 1704 1.
599 1663 873 1717 conquerenti
895 1660 1104 1715 significat
1119 1659 1307 1701 remedia
1326 1658 1468 1700 omnia
1488 1671 1532 1699 se
1547 1670 1639 1699 esse
1654 1658 1875 1710 expertum

289 1739 336 1776 ut
357 1739 520 1776 tantam
533 1733 595 1798 ⁴ab
615 1733 809 1775 Ecclesia
828 1732 904 1774 Dei
927 1732 1192 1786 propulsaret
1213 1730 1515 1772 calamitatem.

287 1800 333 1835 R.
353 1811 411 1843 ap.
432 1800 468 1834 S.
488 1799 537 1834 M.
557 1800 607 1834 M.
628 1798 715 1834 XIII
733 1798 800 1834 Iul.
824 1801 906 1833 1763
926 1797 965 1833 P.
985 1808 1044 1832 an.
1064 1797 1125 1832 VI.

288 1909 390 1944 Butt.
410 1910 516 1944 Rom.

372 2031 444 2075 33.
479 2035 531 2072 In
552 2031 637 2072 hac
656 2033 785 2072 tanta
804 2029 1081 2084 yattz'canae.
1108 2049 1133 2054 —
1153 2021 1285 2063 Clem.
1309 2020 1415 2062 XIII
1436 2021 1644 2063 Stanislao
1680 2020 1880 2062 Poloniae

292 2101 378 2152 regi
400 2100 554 2141 illustri
576 2099 842 2140 commendat
859 2100 905 2138 ut
926 2097 969 2137 in
991 2094 1263 2147 Lotharingia
1279 2107 1371 2144 sua,
1394 2093 1674 2135 recentiorum
1692 2105 1880 2134 errorum

293 2171 388 2212 labe
423 2184 504 2212 non
540 2170 712 2221 infecta,
735 2169 909 2211 clericos
932 2181 1017 2221 reg.
1042 2166 1082 2208 S.
1108 2165 1162 2217 I.,
1186 2178 1290 2219 quos
1311 2163 1476 2206 avulsos
1498 2164 1587 2205 fere
1607 2176 1752 2205 omnes
1773 2162 1881 2216 epis-

290 2242 383 2296 copi
403 2241 601 2295 gallicani
623 2240 782 2292 dolent,
808 2242 1003 2293 protegat
1023 2250 1164 2278 coram
1196 2235 1424 2286 nobilibus,
1447 2239 1491 2276 et
1519 2240 1568 2275 ut
1587 2233 1759 2275 domum
1780 2234 1879 2274 mis-

293 2314 456 2355 sionum
480 2312 520 2354 S.
546 2312 580 2354 I.
605 2327 631 2354 a
651 2326 696 2354 se
726 2311 945 2353 fundatam
976 2323 1026 2351 ac
1047 2308 1410 2361 Mussipontanam
1439 2305 1574 2348 eiusd.
1607 2304 1699 2347 Soc.
1732 2305 1882 2347 acade-

294 2388 438 2438 miam,
463 2400 572 2440 quae
601 2386 801 2427 adversus
825 2383 1014 2435 Lutheri,
1039 2381 1218 2433 Calvini,
1242 2380 1352 2432 Baii,
1375 2379 1561 2421 Iansenii
1591 2384 1635 2420 et
1671 2377 1883 2428 Quesnelli

294 2472 457 2500 errores
478 2456 794 2510 Lotharingiam
815 2455 1018 2505 defendit,
1040 2457 1223 2494 tueatur.

298 2524 339 2558 R-
359 2534 417 2566 ap.
437 2523 473 2557 S.
495 2522 543 2557 M.
563 2522 612 2557 M.
633 2522 756 2557 XXIV
773 2523 868 2565 Aug.
890 2522 974 2556 1763
992 2519 1033 2554 Ρ.
1053 2530 1111 2553 an.
1133 2518 1192 2553 VI.

294 2631 394 2667 Bult.
413 2632 520 2667 Rom.

380 2742 451 2784 34.
487 2746 814 2794 Inqravescere
834 2746 881 2781 tn
901 2740 1010 2781 dtes.
1036 2762 1061 2767 —
1081 2736 1211 2778 Clem.
1237 2734 1314 2784 III,
1336 2733 1505 2775 Ioannis
1526 2733 1615 2775 Fel.
1629 2731 1758 2774 Henr.
1778 2732 1887 2784 epis-

305 2811 397 2863 copi
436 2809 659 2852 Lodevien.
685 2809 837 2850 litteris
868 2807 1139 2861 respondens,
1163 2805 1444 2848 miserandam
1477 2804 1689 2857 religionis
1726 2804 1770 2843 in
1805 2802 1886 2843 isto

305 2894 430 2933 regno
453 2880 618 2930 faciem,
641 2884 812 2933 propter
834 2878 1006 2920 verbum
1028 2878 1106 2919 Dei
1126 2876 1338 2919 erroribus
1361 2875 1469 2928 Baii,
1491 2873 1677 2916 Iansenii
1697 2878 1740 2915 et
1760 2872 1890 2922 Ques-

305 2951 407 2992 nelli
426 2951 710 2992 adulteratum
732 2955 774 2992 et
794 2955 965 3004 propter
994 2962 1145 2990 novam
1176 2947 1501 3002 philosophiam,
1525 2945 1732 2998 deplorat,
1756 2942 1888 2984 zelum

308 3026 481 3075 eperum
504 3021 713 3074 accendit,
737 3027 779 3063 et
801 3021 900 3075 quid
931 3021 1021 3074 ipse
1051 3025 1198 3062 contra
1220 3019 1358 3060 curias
1380 3017 1628 3058 Institutum
1650 3014 1690 3058 S.
1715 3014 1751 3056 I.
1774 3027 1891 3068 pros-

307 3092 468 3134 cribere
490 3106 614 3134 ausas
636 3094 768 3147 egerit
790 3106 862 3148 per
878 3092 1041 3134 litteras
1060 3092 1194 3133 trinas
1214 3089 1267 3131 ad
1287 3102 1443 3143 regem,
1462 3090 1668 3139 recenset,
1686 3085 1889 3127 iudicium
