1989 3252
297 210 460 253 Innoc.
486 208 597 251 XII.
974 231 1030 237 ——
1059 208 1140 247 416
1171 231 1225 237 —-
1759 209 1888 253 1693.

296 295 533 348 proximam
566 293 753 346 reliquit,
772 307 822 334 ea
852 293 942 346 lege
972 299 1020 334 ut
1036 294 1148 334 intra
1169 294 1422 335 decennium
1441 293 1549 334 duae
1570 292 1739 334 scholae
1755 295 1894 346 aperi-

297 370 458 417 rentur,
477 378 596 405 secus
613 363 666 404 ad
682 365 912 418 capitulum
930 363 1185 405 cathedralis
1208 370 1433 417 spectaret,
1452 369 1645 418 prorogat
1662 363 1715 404 ad
1737 378 1893 406 annum

298 437 338 478 d.
351 436 618 488 decennium,
632 450 727 476 cum
739 435 792 476 ab
804 437 925 476 annis
939 437 1043 477 1688
1062 440 1102 477 et
1121 437 1225 476 1689
1244 436 1499 476 instauratio
1517 435 1681 488 collegii
1701 436 1896 489 incoepta.

297 509 366 561 sit,
390 513 432 549 et
453 508 762 548 haereticorum
784 508 826 548 in
856 508 1005 548 vicinis
1036 507 1264 557 Lucernae,
1296 507 1544 560 Angrognae
1575 512 1616 547 et
1646 506 1687 548 S.
1723 506 1896 548 Martini

297 579 477 621 vallibus
498 580 714 621 conversio
737 578 1011 621 desideretur.

299 647 340 681 R.
361 658 418 690 ap.
439 646 475 680 S.
496 646 546 680 M.
567 646 615 680 M.
636 645 724 680 XVI
739 646 849 681 Mart.
874 648 956 680 1693
975 646 1016 680 P.
1038 656 1096 680 an.
1116 645 1161 680 II.

1510 754 1599 797 Rey.
1620 754 1708 788 bull.
1737 754 1816 788 VII.
1842 757 1896 789 12.

383 878 426 921 9.
461 879 532 920 Ad
552 879 832 932 auyemlam.
854 899 880 904 —
901 874 1136 916 Innocentii
1165 873 1249 915 XII
1272 873 1356 915 ind.
1382 873 1435 914 ad
1452 874 1721 927 septennium
1746 887 1820 926 pro
1848 875 1897 914 13

300 946 408 988 Nov.
433 948 477 987 in
499 945 711 987 nonnullis
732 945 835 987 eccl.
859 945 900 987 S.
924 944 961 986 I.
985 944 1089 997 (Cfr.
1113 944 1206 986 Inn.
1231 943 1291 985 XI
1313 959 1354 986 n.
1379 945 1464 998 39).

299 1015 319 1047 8
336 1013 424 1056 Apr.
446 1015 545 1048 1693.

1634 1119 1787 1154 Elench.
1806 1119 1896 1154 bun.

388 1256 462 1298 10.
495 1253 643 1306 Congr.
669 1252 720 1293 de
742 1266 859 1306 prop.
884 1250 966 1293 fide
987 1276 1014 1282 —
1037 1252 1263 1293 Decretum
1284 1250 1336 1291 de
1356 1250 1503 1303 legatis
1524 1231 1608 1291 non
1628 1250 1897 1304 acceptandis

304 1326 346 1366 in
369 1326 568 1367 missione
590 1324 841 1366 Hollandica
861 1325 942 1365 nisi
963 1329 1130 1365 servata
1150 1323 1286 1364 forma
1307 1322 1367 1363 ibi
1389 1324 1667 1376 praescripta.

302 1396 321 1426 4
342 1393 430 1426 Maii
454 1396 546 1427 1693.

1638 1510 1791 1546 Elench.
1811 1510 1900 1545 bule.

386 1634 452 1677 11.
485 1635 672 1689 Expom'
689 1634 819 1676 nobis
838 1647 998 1688 nuper.
1021 1655 1047 1661 —
1068 1629 1161 1672 Inn.
1186 1629 1269 1671 XII
1290 1631 1487 1684 archiep&
1509 1629 1683 1672 Ianuen.
1711 1629 1899 1682 mandat,

305 1707 475 1757 petente
496 1708 656 1744 rectore
678 1703 775 1744 coll.
802 1703 843 1744 S.
869 1702 904 1744 I.
929 1702 970 1744 d.
995 1702 1194 1754 civitatis,
1214 1707 1260 1742 ut
1281 1702 1375 1742 siin
1393 1701 1627 1742 evidentem
1651 1701 1898 1753 utilitatem,

306 1781 569 1816 commutans
590 1775 852 1815 voluntatem
873 1773 1051 1815 fra-trum
1075 1772 1197 1815 Vinc.
1222 1779 1264 1814 et
1302 1773 1512 1825 Hippoliti
1533 1772 1574 1813 d.
1599 1771 1641 1814 S.
1674 1785 1902 1825 eorumque

303 1847 534 1899 genitricis,
566 1832 674 1887 6000
705 1856 824 1887 scuta
855 1859 981 1899 super
1008 1844 1218 1886 fructibus
1246 1846 1383 1885 45000
1416 1857 1472 1885 sc.
1506 1843 1560 1885 ab
1583 1844 1634 1884 iis
1666 1843 1901 1897 legatorum

307 1916 498 1958 adhiberi
537 1916 742 1958 concedat
780 1917 824 1957 in
871 1916 1183 1969 reparationem
1229 1914 1424 1968 impluvii
1470 1910 1551 1955 seuv
1585 1914 1686 1956 atrii
1736 1914 1901 1955 ruinam

308 1989 524 2029 minantis.

309 2054 351 2090 R.
370 2065 427 2097 ap.
450 2053 486 2088 S.
508 2054 557 2088 M.
577 2054 628 2090 M.
644 2054 753 2089 XXX
769 2054 849 2089 Iun.
872 2056 955 2089 1693
974 2054 1017 2090 Ρ.
1035 2064 1095 2088 an.
1116 2053 1158 2088 ΙΙ.

1528 2174 1616 2217 Rey.
1636 2173 1714 2207 bull
1749 2173 1831 2208 Vll.
1854 2176 1904 2208 15.

394 2299 464 2343 12.
498 2298 549 2340 A.
573 2296 621 2340 Ρ.
648 2297 694 2338 R.
720 2295 776 2339 M.
804 2304 912 2341 Cam
932 2302 1049 2340 sicat
1069 2303 1345 2352 accepimus.
1369 2319 1395 2324 -
1416 2293 1507 2334 Iunv
1530 2292 1613 2334 XII
1634 2294 1729 2347 piae
1751 2293 1907 2333 utrius-

309 2382 391 2424 que
419 2382 545 2410 sexus
576 2367 923 2409 Christifidelium
951 2366 1292 2408 confraternitati
1327 2365 1405 2406 sub
1439 2365 1566 2406 titulo
1610 2363 1677 2406 Sffli
1713 2362 1905 2416 suffragii

310 2441 496 2494 plurima
531 2440 702 2494 pietatis
738 2444 781 2480 et
815 2439 1034 2480 charitatis
1066 2451 1192 2492 opera
1231 2437 1450 2478 exercenti
1490 2437 1533 2477 in
1573 2436 1753 2477 ecclesia
1788 2434 1831 2476 S.
1868 2434 1904 2476 I.

311 2512 536 2554 Pekinensi
557 2512 600 2552 in
620 2525 747 2564 regno
769 2510 935 2552 Sinensi
956 2515 1122 2551 erectae
1142 2508 1447 2562 indulgentiam
1464 2508 1575 2561 plen.
1596 2508 1638 2548 in
1660 2506 1727 2563 die
1748 2507 1907 2559 ingres-

313 2597 399 2636 sus,
418 2585 462 2624 in
479 2583 624 2624 mortis
640 2582 835 2634 articulo,
848 2582 892 2622 in
907 2581 1012 2622 festo
1029 2580 1268 2634 principali,
1281 2579 1470 2633 aliasque
1488 2578 1685 2632 partiales
1701 2577 1905 2631 impertit.

313 2650 356 2684 R.
377 2660 435 2692 ap.
457 2649 493 2684 S.
513 2649 563 2684 M.
583 2649 633 2684 M.
654 2648 777 2684 XXVI
793 2649 890 2691 Aug.
911 2649 996 2682 1693
1018 2648 1055 2682 Ρ.
1075 2658 1135 2681 an.
1154 2647 1216 2682 111.

1459 2766 1546 2808 Rey.
1565 2765 1654 2799 hutz.
1684 2764 1766 2800 VII.
1784 2767 1838 2805 18,
1856 2765 1911 2798 21.

400 2892 469 2936 13.
503 2889 554 2932 A.
578 2887 626 2931 F.
650 2887 700 2930 R.
724 2886 784 2930 M.
811 2889 1026 2931 Omnium
1045 2888 1199 2930 saluti.
1224 2908 1250 2914 -
1270 2883 1365 2926 Inn.
1386 2882 1468 2924 XII
1489 2882 1529 2925 d.
1554 2882 1912 2924 confraternitatis

319 2960 444 3002 altari
474 2960 742 3014 privilegium
772 2957 967 3000 concedit
988 2961 1036 2998 ut
1055 2956 1123 2998 die
1144 2961 1187 2997 et
1208 2960 1357 2998 octava
1385 2954 1796 2997 commemorationis
1823 2967 1912 2995 om-

320 3033 437 3074 nium
467 3031 583 3075 fidel.
616 3030 909 3073 defunctorum
940 3042 990 3071 ac
1033 3028 1140 3070 feria
1168 3026 1211 3069 Π
1241 3026 1470 3069 cuiuslibet
1512 3024 1803 3068 hebdomadae
1836 3038 1911 3079 pro
