1989 3252
75 214 251 258 Urban.
273 212 401 256 VIII.
744 234 798 241 -
827 210 905 250 333
935 234 989 240 —
1523 210 1650 255 1631.

160 300 249 342 117.
279 303 331 340 In
352 311 566 353 supremo
587 299 827 339 militantis
847 301 946 340 eccl.
968 322 992 326 -
1009 296 1172 338 Urban.
1191 295 1310 347 VIII,
1330 299 1499 348 petente
1513 294 1653 348 Reyn-

51 390 54 393 v
77 367 206 409 hardo
227 367 420 420 Ziglierio
445 381 507 420 pr.
532 366 570 408 S.
594 366 614 407 I
640 400 649 417 ,
688 366 857 407 mandat
893 366 1059 407 officiali
1090 367 1392 420 archiepiscopi
1413 366 1650 418 Maguntin.

74 443 122 479 ut
142 440 252 491 piam
274 437 443 479 domum
464 442 507 478 et
527 437 745 478 ecclesiam
767 437 806 477 S.
833 437 936 478 Mar.
964 437 1098 490 Magd.
1124 438 1224 479 olim
1247 438 1472 478 mulierum
1504 437 1646 490 poeni-

74 509 253 550 tentium
275 522 347 549 seu
368 508 559 548 albarum
581 507 845 549 dominarum
867 522 987 548 nunc.
1014 508 1155 561 oppidi
1182 507 1447 548 Francofurti
1476 506 1651 559 Magun-

75 580 150 620 tin.
190 579 344 630 dioec„
368 579 422 620 ad
452 579 552 620 eccl.
589 578 629 620 S.
668 578 979 620 Bartholomaei
1014 579 1053 619 d.
1091 593 1186 632 opp.
1225 582 1484 632 spectantem
1520 577 1593 618 sed
1628 591 1653 619 a

77 651 324 703 magistratu
364 650 576 691 haeretico
615 655 877 702 occupatam,
920 654 960 689 et
999 664 1109 690 nunc
1149 648 1359 690 mediante
1397 647 1653 689 Ferdinandi

74 719 194 762 Rom.
219 721 326 773 regis
347 721 388 760 in
410 721 511 773 imp.
536 720 658 761 electi
687 720 829 761 favore
863 726 1166 774 recuperatam,
1192 734 1264 773 pro
1300 719 1381 761 coll
1420 720 1460 760 S.
1484 719 1518 759 I.
1544 719 1587 759 in
1609 719 1648 759 d.

72 805 170 845 opp.
194 791 389 844 erigendo
410 792 593 844 assignet
615 795 655 831 et
676 791 955 843 obligationes
982 791 1021 832 d.
1047 791 1192 832 domus
1228 791 1270 831 in
1304 796 1503 832 consueta
1537 790 1574 830 d.
1603 789 1643 832 S.

78 860 276 914 suffragia
296 865 537 903 commutet.

75 927 120 962 R.
139 938 198 970 ap.
218 927 253 962 s.
274 927 322 962 M.
345 928 398 983 M.
413 928 457 962 111
479 928 525 960 id.
547 927 653 962 Mart.
676 929 759 962 1629
777 927 816 961 Ρ.
836 939 894 960 an.
918 928 992 962 v11.

1293 1035 1384 1079 Rey.
1404 1036 1493 1070 balb.
1520 1035 1557 1069 V.
1577 1037 1653 1070 300.

158 1153 257 1196 118.
291 1150 341 1191 A.
366 1150 411 1191 Ρ.
436 1149 485 1190 R.
510 1149 568 1190 M.
598 1156 720 1193 Decet
744 1157 867 1193 Rom.
894 1153 1173 1204 Pontificem.
1193 1174 1218 1180 —
1234 1148 1393 1190 Urban.
1413 1148 1516 1190 VIII
1536 1152 1652 1190 motu

74 1221 258 1274 proprio,
282 1220 456 1274 collegio
493 1220 534 1262 S.
559 1220 592 1262 I.
618 1221 661 1261 in
695 1235 791 1274 opp.
818 1219 1120 1274 OEnipontano
1157 1221 1340 1261 Brixien.
1375 1220 1507 1262 dioec.
1532 1223 1579 1260 ut
1608 1219 1650 1260 d.

75 1291 172 1333 coll.
193 1297 329 1333 rector
349 1293 548 1333 maiorem
571 1292 854 1344 collegialium
877 1305 1096 1332 numerum
1120 1291 1224 1332 inibi
1247 1296 1483 1332 sustentare
1500 1290 1652 1341 valeat,

75 1369 262 1404 reservat
296 1364 539 1416 pensionem
574 1377 754 1404 annuam
791 1366 870 1405 500
906 1363 949 1404 fl.
973 1364 1069 1417 (170
1090 1363 1205 1414 duc.)
1242 1376 1365 1415 super
1400 1362 1653 1415 parochialis

76 1434 177 1475 eccl.
203 1433 244 1475 S.
269 1433 387 1475 Pauli
411 1435 504 1487 pagi
535 1434 700 1487 Eppain
731 1433 964 1475 Tridentin.
989 1434 1121 1475 dioec.
1147 1447 1255 1487 quae
1276 1433 1327 1474 de
1348 1434 1438 1474 iure
1459 1437 1654 1486 patrona-

74 1508 143 1546 tus
165 1504 364 1558 Leopoldi
386 1505 544 1546 archid.
570 1506 767 1546 Austriae
802 1511 843 1547 et
864 1506 1026 1546 comitis
1047 1505 1175 1546 Tiroli
1210 1512 1289 1556 est,
1312 1511 1355 1545 et
1389 1518 1462 1558 per
1495 1503 1653 1545 obitum
1720 1560 1723 1561 .

77 1575 172 1617 Nic.
196 1575 247 1617 de
268 1575 530 1629 Moremberg
550 1576 656 1617 Nov.
686 1578 805 1628 1627,
828 1577 926 1617 olim
949 1581 1049 1618 rect.
1076 1577 1115 1617 d.
1140 1577 1242 1618 eccl.
1264 1582 1398 1617 vacat.

76 1642 120 1677 R.
140 1653 197 1684 ap.
219 1641 255 1676 S.
275 1643 316 1677 P.
337 1643 638 1678 XI11ka1.Ma1-n.
660 1645 743 1677 1630
763 1643 801 1676 Ρ.
821 1654 879 1676 an.
904 1643 996 1678 vm.

1307 1752 1388 1793 Rey.
1412 1751 1498 1786 buli.
1532 1751 1586 1784 VI.
1608 1754 1657 1785 12.

159 1873 260 1916 119.
295 1874 437 1915 Hodie
464 1874 640 1916 dilectis
667 1874 793 1925 fillis.
832 1895 857 1901 -
892 1870 1052 1912 Urban.
1087 1869 1186 1911 VIII
1226 1870 1366 1911 Marco
1401 1870 1500 1911 Ant.
1525 1870 1654 1911 Fran-

77 1942 207 1983 ciotto
224 1942 267 1982 in
287 1946 465 1996 utraque
482 1943 585 1995 sign.
606 1941 888 1983 referendario
910 1947 949 1982 et
973 1941 1158 1983 Brixien.
1179 1945 1221 1982 et
1239 1941 1524 1983 Constantien.
1545 1942 1653 1994 epis-

77 2026 275 2066 coporum
298 2013 545 2054 officialibus
565 2026 681 2054 exec.
706 2013 944 2054 committit.

78 2081 121 2114 R.
139 2091 197 2122 ap.
217 2080 253 2113 S.
274 2079 314 2113 P.
335 2079 415 2114 XIIl
438 2079 509 2112 kal.
533 2080 638 2113 Mart.
660 2081 745 2114 1630
764 2079 803 2113 P.
823 2091 882 2112 an.
903 2079 995 2114 VIII-

1247 2189 1332 2231 Ray.
1354 2188 1442 2223 mn.
1469 2188 1526 2221 VJ.
1553 2191 1599 2222 13.
1621 2189 1654 2222 b.

161 2310 264 2353 120.
298 2314 396 2351 Etsi
424 2323 482 2352 θα·
508 2314 726 2364 suscepto.
751 2332 776 2338 -
798 2306 944 2348 Urban
981 2306 1095 2358 VIII,
1120 2311 1290 2359 petente
1312 2306 1509 2348 Mauritio
1531 2307 1572 2349 S.
1594 2307 1649 2349 M.

77 2378 121 2419 in
140 2379 209 2419 via
228 2378 314 2419 lata
333 2377 441 2420 diac.
465 2377 588 2420 Card.
614 2393 638 2419 a
673 2378 885 2419 Sabaudia
906 2392 1048 2428 nunc„
1073 2378 1242 2418 mandat
1276 2379 1354 2419 vic.
1377 2392 1470 2430 gen.
1494 2379 1654 2419 archie-

76 2449 234 2501 piscopi
255 2448 483 2490 Taurinen.
508 2454 555 2490 ut
584 2449 790 2501 religiosis
812 2448 853 2490 S.
877 2447 912 2489 I.
936 2462 1010 2500 pro
1040 2448 1162 2489 domo
1186 2449 1418 2489 noviciatus
1438 2448 1652 2490 fundanda

78 2518 278 2560 concedat
311 2520 541 2572 prioratum
576 2533 677 2560 cura
711 2523 752 2560 et
786 2523 993 2560 conventu
1029 2524 1242 2560 carentem
1278 2518 1320 2560 S.
1350 2519 1520 2560 Antonii
1556 2533 1650 2573 opp.

77 2587 235 2641 Cherii,
257 2589 355 2630 Ord.
379 2589 420 2631 S.
445 2589 545 2630 Ben.
571 2589 796 2631 Taurinen.
821 2590 952 2631 dioec.
978 2594 1019 2630 et
1053 2589 1197 2630 domos
1231 2590 1448 2642 contiguas
1474 2589 1528 2631 ad
1558 2603 1654 2630 eum

77 2660 361 2712 pertinente&
385 2662 573 2713 exceptis
609 2659 693 2701 illis
735 2661 777 2701 in
812 2660 966 2713 quibus
1006 2659 1271 2713 hospitalitas
1311 2664 1542 2700 exercetur.
1580 2658 1650 2701 Fr.

82 2731 131 2770 10
152 2729 246 2771 duc.
545 2767 547 2769 .

79 2794 124 2829 R.
143 2806 201 2838 ap.
223 2794 260 2830 S.
280 2795 321 2829 Ρ.
340 2796 426 2830 XVI
443 2795 516 2829 kal.
534 2796 613 2831 Iun.
634 2799 716 2831 1631
735 2797 776 2831 Ρ.
797 2808 854 2830 an.
876 2796 971 2831 VIII.

1245 2905 1333 2949 Req.
1354 2905 1442 2938 bull.
1466 2904 1526 2939 VI.
1545 2907 1597 2939 20.
1621 2905 1654 2938 b.

163 3013 265 3056 121.
300 3015 490 3056 Dilectos
518 3015 652 3067 filios.
690 3036 716 3043 -
747 3010 910 3053 Urban.
947 3011 1050 3053 VIII
1089 3012 1269 3054 alumnis
1306 3016 1394 3053 tam
1428 3009 1656 3066 pontificiis
