1989 3252
102 179 278 223 Urban.
300 179 430 222 VIII.
770 202 824 208 —
853 180 931 219 329
963 203 1015 209 --
1546 179 1674 222 1629.

183 266 255 310 99.
280 265 329 305 A.
353 264 400 306 F.
423 264 474 306 R.
498 264 557 306 M.
585 272 766 322 E'oepom‘
784 268 912 310 nobis
931 281 1091 323 nuper.
1115 291 1140 297 -
1156 265 1354 307 Urbanus
1370 264 1488 316 VIII,
1505 268 1674 318 petente

100 334 275 377 Nicolao
294 335 389 376 Car.
411 335 566 377 barone
595 335 646 377 de
675 336 872 387 Gaschin,
896 336 1025 377 fratre
1063 336 1098 376 H
1104 337 1229 389 ospit.
1253 335 1293 378 S.
1317 335 1486 377 Ioannis
1509 335 1672 377 Hieros.

99 407 308 460 prioratus
329 406 571 459 Bohemiae‚
595 406 808 448 decretum
830 413 871 448 et
901 408 1212 449 concessionem
1243 407 1419 460 (inserta
1443 421 1451 446 t
1475 405 1507 446 F
1510 406 1554 447 ris
1574 406 1670 447 Ant.

98 477 150 519 de
170 476 304 518 Paula
323 491 357 518 s.
381 477 528 518 domus
552 477 680 531 Hosp.
704 477 746 519 S.
770 477 805 519 I.
832 477 884 519 H.
910 484 952 518 et
973 478 1170 519 militaris
1192 477 1280 520 ord.
1303 476 1344 518 S.
1368 477 1462 530 Sep.
1488 477 1674 529 magistri

98 548 269 590 humilis
303 562 619 602 pauperumque
641 549 674 590 I.
700 548 774 590 Ch.
808 554 999 591 custos...
1023 549 1196 590 Melitae
1229 548 1269 590 d.
1303 548 1536 602 penultima
1571 547 1672 590 Dec.

99 621 220 671 1628,
243 643 269 649 -
289 623 428 660 attest.
454 620 566 660 circa
585 618 749 661 Decret.
775 619 895 661 Caes.
919 619 1039 671 Mai„
1061 620 1219 672 Pragae
1255 621 1277 659 6
1300 618 1402 660 Maii
1440 620 1561 670 1628)
1583 631 1674 671 per-

94 690 341 731 mutationis
363 690 633 731 commendae
654 689 824 731 Glacen.
849 691 891 731 in
922 690 1108 731 favorem
1139 690 1233 732 coll.
1257 688 1296 731 S.
1322 688 1355 730 Ι.
1380 688 1552 730 Glacen.
1575 702 1672 730 con-

93 758 247 801 firmat.

93 824 137 859 R.
157 835 215 868 ap.
237 824 271 859 S.
292 825 341 858 M.
361 825 410 859 M.
431 825 540 860 XXX
558 825 646 859 Maii
665 828 749 861 1629
767 826 808 860 Ρ.
827 836 885 859 an.
906 826 965 860 VI.

1317 952 1403 993 Καρ.
1424 952 1513 985 bula.
1539 953 1576 984 V.
1594 955 1670 988 268.

170 1072 274 1115 100.
309 1077 360 1113 In
381 1075 655 1126 apostolicae
674 1073 931 1126 ἅτ’ρηῑίαίῑε.
956 1096 980 1101 -
1001 1070 1160 1112 Urban.
1181 1070 1298 1122 VIII,
1317 1070 1556 1124 petentibus
1575 1085 1669 1124 pro-

88 1140 294 1182 visoribus
316 1145 359 1182 et
378 1140 626 1183 officialibus
646 1156 837 1195 congreg.
858 1143 1009 1183 montis
1026 1142 1195 1195 pietatis
1212 1156 1285 1182 seu
1307 1146 1483 1183 monast.
1505 1142 1546 1183 S.
1564 1141 1666 1182 Bar-

88 1211 317 1253 tholomaei
338 1212 564 1270 Novarien.
587 1212 737 1265 Congr.
769 1211 1126 1254 Vallisumbrosae
1161 1218 1204 1254 et
1235 1212 1438 1266 Pompilio
1471 1212 1668 1254 Lamber-

88 1283 203 1336 tingo
238 1287 336 1324 rect.
371 1283 464 1324 coll.
491 1284 533 1324 S.
557 1283 590 1324 I.
616 1283 868 1336 Braydensis
903 1297 1027 1324 nunc.
1062 1283 1359 1335 Mediolanen.,
1383 1282 1555 1324 mandat
1588 1288 1665 1337 epo

88 1353 329 1407 (Novarien.
349 1355 384 1406 5³)
419 1368 490 1395 seu
517 1355 606 1395 eius
640 1356 718 1395 vic.
756 1368 847 1408 gen.
874 1358 920 1395 ut
953 1354 1156 1408 approbet
1189 1355 1506 1395 conventionem
1542 1368 1668 1407 super

84 1425 300 1466 voluntate
334 1425 412 1466 ult.
436 1425 571 1466 Amici
595 1424 769 1466 Canobii
790 1426 883 1466 abb.
911 1425 950 1466 d.
977 1426 1145 1477 montis,
1168 1439 1242 1466 seu
1275 1426 1427 1466 scholis
1462 1425 1505 1465 in
1541 1425 1661 1466 domo

83 1495 265 1549 Casapia
284 1496 472 1538 Canobia
492 1496 732 1550 Sapientiae
754 1496 1061 1538 denominanda
1081 1497 1159 1537 ciV.
1188 1496 1413 1538 Novarien.
1437 1495 1662 1537 fundandis

82 1567 246 1619 initam,
271 1581 353 1621 qua
373 1567 555 1620 religiosi
580 1567 621 1609 S.
646 1567 681 1608 Ι.
706 1567 862 1608 dictum
885 1581 989 1608 onus
1009 1568 1258 1620 suscipiunt.

78 1632 122 1667 R.
142 1627 204 1675 ap.
220 1633 255 1666 S.
277 1633 318 1667 P.
339 1633 408 1668 XX
425 1634 504 1669 Iun.
526 1636 610 1668 1629
629 1633 667 1667 Ρ.
691 1644 749 1667 an.
772 1633 831 1668 VI.

1272 1759 1361 1801 Res).
1382 1759 1467 1792 bull.
1497 1759 1553 1791 VI.
1575 1762 1605 1792 8.
1627 1759 1660 1792 b.

163 1880 258 1923 101.
294 1878 335 1919 S.
359 1877 443 1919 Rit.
469 1877 618 1931 Congr.
642 1903 667 1909 -
690 1878 811 1920 Decr.
835 1878 1033 1930 Iaponen.
1057 1878 1193 1918 Causa
1214 1880 1265 1919 26
1288 1878 1412 1919 Mart.
1437 1878 1479 1918 in
1500 1877 1656 1931 Iapone

81 1947 282 2000 discussa,
306 1953 448 1991 censet
468 1963 590 2002 posse
610 1948 663 1990 ad
685 1949 1042 1990 canonizationem
1064 1947 1264 1990 deveniri.

78 2016 98 2048 3
113 2014 181 2049 Iul.
202 2016 298 2049 1629.

74 2140 206 2179 Boero,
224 2141 358 2174 Istoria
376 2142 412 2174 d.
430 2144 543 2175 vita...
564 2142 625 2174 dei
641 2152 667 2174 s.
687 2143 916 2185 qiapponesz'.
938 2143 1034 2182 1862,
1056 2153 1087 2183 p.
1110 2144 1183 2176 165.

155 2256 255 2300 102.
289 2255 340 2296 Α.
381 2255 424 2296 Ρ.
449 2254 499 2296 R.
524 2255 579 2296 M.
620 2259 875 2299 Saleatore's
907 2261 946 2298 et
984 2262 1027 2297 I).
1063 2262 1115 2298 N.
1142 2262 1174 2297 I.
1200 2262 1240 2299 C.
1274 2280 1299 2284 -
1332 2253 1494 2296 Urban.
1531 2253 1649 2305 VIII,

72 2328 241 2378 petente
261 2325 293 2365 F
295 2338 408 2366 rano.
432 2325 524 2366 Gul.
550 2330 628 2378 epo
651 2325 936 2377 Osnaburgen.
961 2325 1002 2367 S.
1022 2325 1072 2366 R.
1092 2325 1183 2378 Imp
1222 2326 1426 2378 principe,
1446 2326 1487 2365 in
1504 2324 1543 2364 d.
1568 2325 1646 2365 civ.

73 2395 116 2435 in
137 2409 221 2448 qua
235 2399 437 2449 tanquam
455 2395 659 2438 Saxoniae
674 2396 818 2437 futura
834 2396 1053 2449 metropoli
1069 2395 1232 2436 scholas
1249 2395 1438 2448 publicas
1459 2399 1650 2436 erexerat

72 2469 114 2506 et
134 2465 333 2507 adversus
364 2467 556 2507 haeresin
580 2467 741 2508 scholas
767 2467 819 2507 ab
854 2469 906 2507 80
941 2467 1062 2507 annis
1083 2466 1261 2507 abolitas
1291 2466 1527 2518 restituere,
1552 2466 1651 2519 quia

71 2537 275 2578 haeretici
309 2537 547 2579 academias
581 2537 865 2579 Hemstadien.
902 2537 1093 2578 Bremen.
1132 2537 1341 2578 Rintelen.
1379 2536 1646 2589 Masburgen.

71 2604 267 2648 Gressen.
290 2607 463 2661 habent,
487 2610 766 2650 necessarium
797 2613 875 2659 est,
899 2609 940 2649 in
976 2607 1150 2649 aedibus
1183 2622 1258 2661 per
1291 2608 1332 2649 d.
1365 2607 1460 2649 Gul.
1498 2621 1645 2660 magno

70 2681 239 2730 sumptu
260 2680 508 2720 constructis
529 2679 740 2732 publicam
758 2679 1018 2720 academiam
1034 2680 1077 2720 in
1094 2693 1177 2733 qua
1193 2693 1218 2720 a
1233 2679 1439 2732 religiosis
1455 2678 1495 2721 S.
1515 2678 1535 2720 I
1570 2692 1644 2720 seu

67 2747 163 2788 aliis
184 2748 452 2802 philosophia
472 2757 513 2791 et
538 2750 667 2792 theol.
690 2750 941 2792 scholastica
977 2749 1141 2804 publice
1176 2749 1420 2802 doceantur,
1445 2750 1580 2803 erigit,
1604 2754 1646 2790 et

65 2818 310 2860 facultatem
332 2821 601 2872 promovendi
623 2821 675 2862 ad
695 2821 865 2874 gradus,
889 2825 1048 2862 statuta
1068 2820 1269 2862 condendi
1291 2820 1496 2862 concedit.

61 2883 108 2917 R.
126 2894 185 2925 ap.
205 2883 242 2919 S.
262 2884 311 2918 M.
333 2885 380 2918 M.
400 2885 453 2920 XI
469 2885 543 2919 kal.
565 2886 663 2929 Sept.
685 2889 769 2921 1629
787 2886 828 2920 Ρ.
848 2897 906 2920 an.
927 2886 1003 2921 VH.

63 2994 166 3028 Ball.
188 2995 292 3029 Rom.
1238 2996 1326 3038 Rey.
1346 2994 1433 3029 bun.
1457 2994 1496 3028 V.
1514 2996 1589 3028 264.
1610 2994 1642 3027 b.
