1989 3252
62 160 204 205 Clem.
227 159 312 203 IX.
728 184 777 189 —-
810 158 889 199 387
917 182 971 188 -
1512 157 1638 201 1669.

139 249 210 290 14.
244 242 315 283 Ad
351 242 625 296 auyendam.
653 267 679 274 -
708 241 934 284 Clementis
963 243 1024 284 IX
1054 243 1316 296 indulgentia
1346 256 1420 296 pro
1449 244 1639 284 oratione

59 319 112 358 40
147 316 344 357 horarum
382 315 422 355 in
460 314 817 368 quinquagesima.
855 314 920 355 Ad
959 315 1223 369 septennium
1258 314 1361 368 (Cfr.
1397 314 1516 356 Alex.
1553 313 1635 355 VII

61 401 102 428 n.
127 388 214 440 69).

63 455 103 488 17
120 452 200 487 Iun.
223 453 319 486 1669.

1375 525 1528 561 Elench.
1547 526 1635 561 hall.

142 637 212 681 15.
245 635 295 676 A.
318 634 366 676 F.
388 633 437 676 R.
462 632 519 675 M.
544 636 806 678 Sollicitudo
826 637 1077 690 pastoralis
1099 638 1250 688 officit.
1272 657 1298 664 -
1314 633 1446 675 Clem.
1466 632 1526 674 IX
1544 646 1640 674 con-

58 706 229 747 firmans
249 707 380 747 Breve
400 703 504 746 Urb.
528 703 648 756 VIII,
670 705 724 745 22
743 703 866 745 Febr.
893 705 998 744 1633
1029 704 1210 745 vetantis
1240 703 1471 757 Religiosos
1499 717 1642 745 omnes

59 778 188 819 etiam
208 775 248 817 S.
271 776 305 818 I.
330 777 373 817 in
393 775 515 816 India
536 775 753 825 Orientali,
777 774 912 816 China
946 780 988 816 et
1021 774 1195 827 Iaponia
1225 779 1522 827 mercaturam,
1546 787 1640 816 eam

60 847 254 901 prohibet
269 848 311 887 in
327 847 464 899 regnis
480 845 696 886 Indiarum
712 845 991 886 Orientalium
1008 850 1049 886 et
1064 846 1311 899 praesertim
1332 846 1374 886 in
1396 859 1512 898 prov,
1536 845 1578 886 S.
1605 844 1640 887 I.

60 917 111 959 de
125 917 282 971 Iapone
298 931 422 959 nunc.
443 917 541 958 etin
560 916 749 970 partibus
770 916 990 957 Americae
1011 921 1099 957 tam
1121 916 1376 957 australibus
1398 929 1524 970 quam
1546 930 1640 968 sep-

59 988 396 1041 tentrionalibus,
420 992 461 1029 et
480 987 762 1040 superioribus
782 987 1126 1040 permittentibus
1148 1000 1304 1040 poenas
1324 987 1516 1040 iniungit.

63 1055 106 1089 R.
124 1065 182 1097 ap.
203 1054 239 1088 S.
259 1055 306 1089 M.
327 1054 376 1088 M.
395 1053 499 1088 XVII
515 1054 595 1088 Iun.
618 1056 699 1088 1669
717 1053 759 1087 Ρ.
778 1063 836 1087 an.
855 1053 900 1087 II.

63 1162 169 1198 Ball.
190 1162 296 1197 Rom.
316 1181 359 1186 —
377 1162 479 1196 Bull.
498 1164 711 1204 depropay.
730 1161 804 1204 fide
822 1161 852 1194 I.
873 1163 949 1195 391.
1379 1161 1536 1196 Elench.
1555 1161 1643 1195 bull.

138 1272 208 1315 16.
240 1268 481 1311 Facultates
501 1281 722 1310 concessae
743 1281 769 1309 a
789 1266 860 1310 SS.
885 1267 934 1308 D.
959 1267 1010 1308 N.
1035 1266 1251 1309 Clemente
1278 1267 1359 1309 ΡΡ.
1384 1267 1444 1309 ΙΧ
1472 1268 1516 1309 P.
1543 1268 1639 1309 Bal-

53 1340 234 1383 thassari
255 1339 531 1383 Vanderbeke
552 1338 594 1380 S.
616 1338 652 1380 I.
676 1338 888 1392 praefecto
910 1338 1157 1378 missionum
1179 1338 1311 1379 eiusd.
1336 1336 1377 1379 S.
1401 1339 1442 1378 in
1474 1339 1641 1390 provin-

56 1411 132 1452 ciis
151 1410 285 1464 Belgii
305 1410 449 1452 unitis.
474 1434 500 1440 -
519 1409 570 1450 In
602 1409 752 1462 Congr.
775 1422 867 1462 gen.
892 1408 933 1450 S.
958 1407 1038 1450 Off.
1072 1408 1144 1450 SS.
1168 1408 1217 1450 D.
1242 1408 1332 1450 N.
1356 1410 1559 1450 concessit
1587 1409 1639 1450 ad

56 1486 141 1522 tres
161 1494 306 1522 annOS.
330 1505 356 1511 —
376 1481 412 1521 A
432 1480 555 1522 Card.
579 1480 850 1522 Barberinus.
873 1479 1023 1521 Franc.
1048 1479 1278 1521 Riccardus
1300 1479 1396 1520 Not.

26 1593 36 1597 -
61 1545 101 1579 F.
121 1546 163 1581 V.
183 1546 218 1581 d.
238 1546 344 1581 XXII
361 1548 456 1590 Aug.
477 1549 573 1581 1669.

1213 1628 1302 1671 Rey.
1329 1627 1418 1662 buu.
1448 1627 1506 1662 VJ.
1524 1630 1585 1662 193
1603 1629 1636 1662 b.

138 1740 204 1782 17.
238 1737 287 1778 Α.
308 1736 354 1778 F.
373 1735 422 1778 R.
445 1736 501 1777 M.
527 1739 842 1792 Speculatores
861 1738 1024 1779 domus
1047 1738 1204 1780 Israel.
1226 1759 1252 1766 -
1267 1734 1399 1777 Clem.
1417 1735 1495 1789 IX,
1514 1750 1641 1791 expo-

56 1814 180 1849 nente
200 1807 232 1848 F
235 1821 348 1849 ranc.
375 1808 569 1860 episcopo
595 1806 876 1859 Eliopolitano
896 1805 988 1848 Vic.
1013 1806 1244 1859 apostolico
1266 1805 1475 1848 Tunchini
1497 1821 1572 1849 suo
1596 1813 1638 1850 et

53 1878 168 1920 Petri
202 1879 387 1931 episcopi
419 1879 615 1929 Beryten.
647 1876 740 1918 Vie.
765 1877 986 1930 apostolici
1013 1876 1323 1919 Cochinchinae
1353 1884 1480 1932 atque
1510 1880 1640 1920 etiam

55 1950 238 2003 episcopi
258 1947 609 2000 Metellopolitani
632 1947 722 1988 Vic.
746 1948 963 2001 apostolici
985 1947 1198 1989 Nanchini
1224 1949 1479 2003 nominibus,
1503 1949 1639 2004 dispo-

58 2021 121 2061 nit
141 2021 252 2061 circa
273 2019 595 2072 dependentiam
616 2019 974 2060 missionariorum
992 2020 1174 2060 cuiusvis
1195 2019 1362 2061 Ordinis
1385 2022 1513 2062 etiam
1535 2021 1576 2063 S.
1602 2021 1636 2063 I.

56 2096 99 2134 et
118 2092 443 2136 catechistarum
464 2104 488 2132 a
504 2089 686 2131 Vicariis
708 2091 963 2144 apostolicis,
987 2091 1125 2145 quoad
1146 2096 1340 2144 patentas
1361 2092 1636 2146 exhibendas,

56 2161 315 2215 parochialia
334 2159 584 2213 exercenda,
609 2165 688 2202 etc.

57 2226 99 2262 R.
115 2237 174 2270 ap.
187 2226 230 2262 S.
248 2227 297 2261 M.
319 2227 370 2265 M.
390 2227 474 2266 XIII
492 2226 591 2270 Sept.
612 2227 652 2260 P.
672 2237 730 2260 an.
751 2226 813 2261 III.

56 2334 158 2369 Ball.
177 2335 294 2376 depr.
313 2334 343 2378 f.
364 2334 394 2368 I.
415 2336 490 2369 399.
513 2334 615 2368 Ball.
637 2334 743 2369 Rom.

134 2443 203 2486 18.
236 2442 272 2481 A
310 2441 356 2483 P.
379 2441 430 2483 R.
453 2441 509 2482 M.
534 2448 587 2485 In
608 2444 787 2485 esecelsa
808 2444 949 2484 Sedis.
972 2466 997 2471 —
1017 2441 1147 2483 Clem.
1171 2441 1231 2483 IX
1255 2442 1380 2484 breve
1406 2444 1529 2487 Alex,
1554 2444 1634 2486 VII

54 2517 348 2556 Sacros-(mcci
365 2515 644 2568 apostolatus
668 2513 717 2551 18
733 2510 823 2552 Ian.
846 2513 950 2553 1658
968 2516 1009 2553 et
1030 2512 1196 2554 decreta
1217 2512 1364 2566 Congr.
1389 2514 1440 2555 de
1461 2528 1630 2568 propag.

53 2581 135 2623 fide
155 2584 209 2624 22
228 2582 308 2624 Iul.
334 2584 437 2624 1658
456 2582 506 2623 de
522 2582 778 2636 cappellanis
794 2581 927 2635 Indis,
946 2583 1234 2625 sacerdotibus
1250 2584 1472 2637 indigenis,
1490 2587 1631 2639 pueris

55 2652 267 2706 docendis,
290 2658 332 2695 et
350 2654 501 2694 ritibus
520 2653 693 2694 ludicris
723 2666 748 2694 a
773 2653 1108 2706 processionibus
1138 2655 1346 2709 arcendis,
1379 2658 1631 2698 auctoritate

53 2724 284 2777 apostolica
313 2724 532 2766 confirmat
561 2728 604 2766 et
632 2737 708 2778 per
735 2724 945 2777 regulares
974 2725 1155 2766 cuiusvis
1175 2725 1355 2779 Ordinis,
1378 2728 1505 2768 etiam
1527 2727 1568 2769 S.
1592 2727 1626 2769 I.

53 2794 265 2836 observari
284 2795 387 2837 vult.

54 2860 98 2895 R.
117 2871 174 2903 ap.
195 2860 231 2894 S.
254 2861 300 2894 M.
315 2861 365 2895 M.
387 2861 470 2895 XIII
487 2860 584 2903 Sept.
604 2863 690 2896 1669
708 2861 749 2895 P.
768 2871 827 2894 an.
845 2860 908 2896 111.

54 2968 155 3002 Ball.
174 2971 288 3012 depr.
311 2968 339 3012 f.
359 2969 389 3002 I.
412 2970 488 3002 402.

1526 3030 1568 3066 25
