1989 3252
103 169 243 215 Clem.
267 166 402 211 XIII.
758 187 813 194 —
838 165 919 205 485
947 188 1002 193 —
1544 161 1670 206 1762.

102 267 186 296 non
199 266 305 305 esse,
323 254 358 294 si
372 253 417 293 in
431 252 509 294 hoc
525 251 715 292 instituto
737 251 1058 303 permanserint,
1077 263 1150 290 cur
1165 249 1254 301 ipse
1269 247 1333 289 vel
1349 248 1430 300 ipsi
1447 251 1671 288 vereantur

103 338 155 365 ne
175 325 218 364 in
238 323 502 377 Apostolicae
523 321 640 363 Sedis
660 326 864 375 perpetua
885 321 1019 362 tutela
1041 321 1139 362 sint.

104 390 145 424 R..
165 400 222 432 ap.
243 388 279 424 S.
299 388 349 422 Μ.
369 388 418 423 Μ.
438 398 493 431 pr.
513 398 596 421 non.
618 387 723 421 Mart.
745 388 829 421 1760
848 386 888 420 Ρ.
907 397 965 419 an.
984 387 1028 421 H.

104 508 156 542 De
173 507 386 550 Ravz'qnan,
405 517 462 550 op.
482 508 555 547 cit„
576 517 609 548 p.
630 507 703 541 173.

189 633 259 675 16.
299 635 590 675 Vehementer
608 632 759 673 dolere
778 635 833 673 te.
857 653 882 658 -
910 628 1040 670 Clem.
1070 626 1174 668 XIII
1205 626 1448 668 Wenceslao
1482 627 1676 679 episcopo

107 701 444 743 Przemislavien.
469 701 601 741 vicem
622 699 663 741 S.
688 699 722 740 I.
747 699 905 740 dolenti
926 712 1102 752 eamque
1124 699 1250 739 etiam
1272 705 1398 751 atque
1418 699 1546 738 etiam
1567 710 1678 737 com-

108 771 337 823 mendanti,
360 784 605 823 persuasum
627 783 718 811 esse
739 769 827 810 vult
848 783 891 810 se
912 782 960 809 eo
981 770 1243 821 potissimum
1265 775 1456 820 spectare
1476 774 1523 809 ut
1554 768 1679 808 Insti-

108 847 262 895 tutum,
296 841 511 882 Ecclesiae
541 842 724 882 maxime
754 840 874 892 utile,
897 839 1232 880 incolumitatem
1266 839 1472 890 retineat3
1511 839 1678 891 cogitet,

110 928 204 955 cum
225 913 266 955 S.
290 912 415 965 Greg.
441 912 498 954 M.
523 912 657 953 Deum
678 911 894 964 providere
915 911 965 951 de
995 911 1061 951 his
1091 910 1228 962 malis,
1252 925 1358 964 quae
1379 923 1453 963 per
1481 909 1683 950 iudicium

108 985 279 1037 irrogat,
302 996 409 1038 quae
430 983 538 1025 bona
558 983 694 1024 facere
714 982 920 1036 disponat.

107 1050 151 1084 R.
170 1060 228 1092 ap.
248 1049 283 1083 S.
307 1050 354 1083 M.
374 1049 423 1084 M.
444 1054 554 1091 postr.
574 1049 622 1082 id.
643 1049 738 1083 Mart
775 1048 855 1082 1760
874 1048 914 1082 Ρ.
934 1058 992 1080 an.
1014 1047 1059 1081 II.

111 1169 162 1201 De
182 1168 393 1212 Βαυὶρηαη,
412 1179 468 1211 op.
487 1169 563 1209 cit,
583 1178 614 1209 p.
637 1169 712 1202 175.

196 1294 265 1338 17.
298 1292 519 1333 Decretum
541 1291 783 1333 Maioricen.
809 1291 943 1332 beatis
948 1325 955 1333 .
974 1305 1067 1332 ven.
1087 1292 1194 1332 servi
1216 1291 1291 1331 Dei
1313 1291 1438 1343 Alph.
1457 1289 1686 1342 Rodriguez

113 1363 247 1405 coadi.
269 1368 401 1416 temp.
424 1363 544 1404 form.
569 1362 611 1404 S.
635 1362 671 1403 I.
695 1376 818 1416 super
839 1362 965 1403 (lubio
988 1376 1039 1402 an
1073 1366 1236 1403 constet
1257 1361 1306 1403 de
1328 1360 1567 1402 virtutibus.
1591 1360 1690 1402 Post

113 1447 304 1487 congreg.
323 1434 782 1487 antepraeparatoriam
804 1435 827 1473 7
850 1432 947 1474 Dec.
971 1435 1076 1474 1734
1098 1438 1138 1473 et
1161 1446 1351 1485 praepar.
1380 1434 1428 1472 13
1451 1431 1563 1484 Sept.
1587 1432 1690 1472 1757

114 1510 157 1547 et
190 1518 330 1557 gener.
367 1518 505 1556 congr.
545 1517 685 1545 coram
721 1503 791 1545 SS.
832 1503 1008 1544 Domino
1049 1505 1097 1544 15
1134 1504 1234 1556 Apr.
1273 1505 1394 1555 1760,
1418 1501 1549 1544 Clem.
1588 1501 1691 1542 XIII

115 1576 301 1618 decrevit
320 1581 510 1617 constare
532 1575 581 1616 de
603 1575 746 1628 praed.
771 1577 879 1616 servi
903 1575 976 1616 Dei
995 1576 1234 1616 virtutibus.

115 1643 221 1678 XXV
239 1642 326 1678 Maii
346 1644 443 1677 1760.

123 1762 201 1794 Vita
218 1761 278 1796 dec
295 1762 338 1796 B.
358 1762 525 1805 Alfonso,
546 1763 631 1796 Arc.
649 1763 851 1803 Arcanyeli
867 1761 901 1795 S.
921 1762 965 1801 I..
988 1761 1105 1795 Roma
1124 1763 1219 1801 1825,
1241 1771 1273 1803 p.
1295 1762 1370 1795 185.

204 1889 274 1932 18.
296 1885 424 1939 Cong.
447 1900 529 1928 sac.
554 1887 621 1927 rit.
646 1891 687 1927 et
708 1885 793 1927 ind.
818 1911 838 1916 -
866 1885 1058 1926 Patribus
1080 1885 1120 1927 S.
1141 1884 1175 1926 1.
1201 1898 1315 1937 prOV.
1342 1883 1553 1926 Masoviae
1576 1896 1694 1924 exse-

121 1959 241 2012 quias
262 1957 568 2010 defunctorum,
594 1963 779 2010 tempore
808 1958 1067 2008 missionum,
1091 1956 1296 1996 solemnes
1326 1956 1533 1995 instruere
1562 1955 1697 1994 inten-

123 2028 316 2070 dentibus
332 2032 375 2069 et
390 2028 697 2082 postulantibus
714 2027 766 2069 ad
782 2029 917 2068 maius
933 2028 1116 2068 fructum
1132 2026 1479 2079 indulgentiam,-
1496 2024 1565 2066 SS.
1577 2024 1627 2065 D.
1641 2023 1693 2065 N.

123 2099 315 2140 omnibus
337 2099 546 2151 fidelibus,
569 2099 678 2140 conf.
702 2104 744 2140 et
777 2112 947 2149 comm.,
970 2099 1042 2152 qui
1065 2111 1191 2151 supra
1227 2097 1463 2138 enunciatis
1485 2096 1698 2148 exsequiis

125 2170 391 2212 interfuerint
424 2170 536 2223 plen.
574 2170 661 2211 ind.
699 2169 826 2211 semel
860 2171 903 2211 in
938 2183 1047 2210 anno
1081 2168 1326 2210 lucrandam
1362 2167 1414 2208 ad
1448 2167 1697 2208 decennium

124 2241 364 2283 concedit...
389 2241 544 2295 absque
564 2241 694 2282 brevi.
720 2241 753 2282 I.
778 2240 829 2281 de
852 2240 1085 2282 Comitibus
1107 2253 1211 2281 secr.

128 2310 166 2341 19
183 2306 272 2341 Maii
292 2308 386 2342 1761.

1561 2412 1706 2445 Bullae.

214 2526 284 2568 19.
316 2522 444 2576 Cong.
468 2537 551 2564 sac.
575 2524 644 2564 rit.
668 2528 709 2565 et
730 2523 815 2564 ind.
839 2547 865 2553 —
885 2522 1079 2564 Patribus
1101 2522 1141 2563 S.
1166 2521 1198 2562 I.
1222 2523 1265 2562 in
1288 2534 1401 2574 prov,
1425 2520 1478 2561 ad
1508 2519 1700 2561 Rhenum

131 2594 252 2635 infer.
295 2599 338 2635 et
370 2607 445 2646 per
478 2595 803 2647 septentrionem
838 2607 997 2647 sparsa,
1029 2591 1338 2646 postulantibus
1386 2590 1705 2632 translationem

133 2664 279 2706 decem
299 2664 376 2707 fer.
396 2663 508 2707 VIS.
528 2664 597 2707 Fr.
616 2664 721 2706 XaV.
741 2665 794 2706 ad
814 2665 919 2706 alias
936 2678 1010 2717 per
1030 2677 1185 2705 annum
1206 2662 1259 2704 ab
1276 2662 1495 2704 Ordinario
1517 2665 1703 2703 statuen-

134 2735 208 2777 das
227 2734 280 2776 ob
293 2735 418 2777 ferias
434 2736 698 2777 autumnales
715 2740 756 2777 et
775 2739 1044 2789 tempestates
1060 2733 1321 2785 novembres,
1340 2746 1468 2785 resp.:
1487 2731 1706 2773 Gaudeant

134 2807 384 2860 impetratis.

135 2874 175 2907 16
192 2871 302 2906 Mart.
324 2873 421 2907 1762.

1565 2974 1710 3009 Bullae.
