1989 3252
270 220 405 264 Alex.
429 221 536 265 VII.
944 246 997 251 —
1027 223 1107 263 372
1137 247 1192 253 —
1729 229 1859 273 1658.

351 308 422 351 38.
458 313 508 350 ln
529 322 744 363 supremo
768 311 1017 365 Principis.
1040 334 1066 340 -
1088 310 1210 352 Alex.
1245 310 1341 363 VII,
1366 312 1610 364 petentibus
1643 315 1858 367 superiore

267 385 309 419 et
330 378 467 430 presb.
493 378 532 419 S.
557 377 591 419 I.
617 392 714 432 opp.
738 378 977 420 Salinarum
1009 380 1271 423 Bisuntinen.
1311 382 1444 424 dioec.
1484 383 1657 424 mandat
1691 384 1861 427 officiali

266 449 530 490 Bisuntinen.
556 455 601 490 ut
620 464 716 490 cum
738 450 860 491 domo
882 451 1001 503 prob.
1027 451 1073 492 3ii
1095 454 1195 493 anni
1216 453 1275 494 ibi
1313 454 1510 495 inchoata
1546 456 1666 496 uniat
1701 457 1860 508 priora-

264 527 355 562 tum
378 521 417 562 S.
444 521 625 574 Nicolai,
648 522 756 563 alias
778 522 828 563 de
850 522 1016 564 Bracon
1036 523 1075 565 d.
1102 538 1196 578 opp.
1223 525 1270 566 O.
1296 524 1335 566 S.
1361 524 1408 566 B.
1435 539 1460 566 a
1479 525 1656 567 Claudio
1687 526 1859 569 Perault

263 592 402 645 presb.
427 605 475 633 eo
497 591 580 633 fine
601 593 878 646 resignatum,
902 607 1004 635 cura
1024 598 1066 635 et
1087 602 1295 636 conventu
1315 605 1549 649 carentem,
1568 598 1688 638 cuius
1709 597 1760 640 fr.
1786 600 1858 651 24,

263 669 303 705 et
324 678 418 705 cum
441 664 614 706 incertis
635 666 687 705 80
710 664 807 707 duc.

262 730 304 765 R.
324 741 382 773 ap.
403 730 440 765 S.
460 731 508 764 M.
529 730 578 764 M.
597 731 647 766 III
667 742 751 766 non.
773 733 847 765 Ian.
869 735 952 767 1657
974 733 1015 766 Ρ.
1037 744 1095 766 an.
1118 733 1179 768 111.

1470 843 1559 887 Rey.
1580 844 1670 878 buu.
1697 845 1758 879 VI.
1784 848 1859 881 158.

342 960 414 1006 39.
456 964 582 1004 Vitae
601 976 655 1004 ac
677 976 858 1004 morum
879 963 1106 1004 honestas.
1130 986 1156 991 —
1185 962 1309 1003 Alex.
1349 961 1430 1003 VII
1466 961 1642 1004 Claudio
1680 963 1857 1005 Perault

258 1032 396 1085 presb.
423 1032 688 1073 Bisuntinen.
713 1033 899 1085 assignat
919 1032 1163 1084 pensionem
1184 1036 1238 1074 40
1260 1033 1355 1075 duc.

257 1099 302 1133 R.
322 1110 379 1142 ap.
402 1098 439 1134 S.
461 1099 509 1133 M.
525 1099 576 1134 M.
595 1098 645 1134 ΙΙΙ
663 1109 748 1132 non.
770 1099 844 1132 Ian.
867 1101 951 1133 1657
969 1099 1010 1132 Ρ.
1030 1110 1089 1133 an.
1109 1099 1171 1134 III.

1469 1209 1558 1254 Ray.
1579 1209 1669 1244 bull.
1698 1210 1758 1246 Vl.
1778 1213 1855 1246 157.

340 1321 413 1364 40.
449 1325 521 1362 Eas·
541 1323 744 1362 iniuncto
764 1319 908 1361 nobis.
947 1342 973 1347 —
1012 1316 1135 1359 Alex.
1179 1316 1275 1368 VII,
1328 1318 1470 1358 citatis
1510 1317 1594 1359 litt.
1632 1317 1754 1359 Pauli
1793 1318 1853 1372 II,

260 1398 368 1434 Cum
390 1398 436 1434 ῑη
457 1395 668 1434 omnibus
688 1392 888 1439 iudiciis,
915 1390 1038 1442 1465,
1063 1402 1100 1431 v.
1127 1388 1184 1430 id.
1210 1388 1329 1442 Maii,
1352 1389 1593 1442 petentibus
1623 1389 1854 1432 Zaccharia

255 1461 465 1503 Roverelli
495 1462 633 1514 priore
669 1474 741 1502 seu
778 1473 897 1514 perp.
937 1460 1297 1501 commendatario
1334 1461 1544 1514 prioratus
1580 1460 1620 1503 S.
1645 1460 1853 1503 Leonardi

257 1533 492 1575 Ferrarien.
518 1538 560 1574 et
580 1537 683 1574 rect.
708 1538 751 1573 et
785 1531 1078 1586 collegialibus
1118 1532 1214 1573 coll.
1253 1531 1294 1574 S.
1333 1531 1368 1573 I.
1405 1532 1643 1574 Ferrarien.
1682 1533 1854 1574 mandat

256 1605 418 1648 archid.
444 1605 547 1647 eccl.
572 1604 809 1646 Ferrarien.
835 1608 877 1645 et
897 1604 977 1645 vic.
1003 1617 1099 1657 gen.
1124 1604 1311 1657 episcopi
1346 1603 1582 1645 Ferrarien.
1619 1609 1666 1645 ut
1702 1618 1850 1646 conce-

257 1678 359 1720 dant
380 1678 420 1719 d.
445 1677 541 1719 coll.
565 1677 781 1718 licentiam
803 1674 1065 1717 affrancandi
1087 1675 1231 1716 domos
1254 1689 1358 1730 quas
1380 1676 1483 1716 emit
1501 1675 1556 1717 ad
1577 1676 1850 1729 aperiendam

256 1751 443 1805 plateam
463 1754 561 1791 ante
582 1749 734 1790 faciem
757 1762 831 1790 seu
853 1752 1016 1802 portam
1039 1747 1243 1789 ecclesiae
1266 1747 1306 1789 d.
1332 1747 1429 1790 coll.
1453 1748 1730 1790 necessarias.

254 1817 298 1851 R.
320 1827 378 1860 ap.
399 1816 435 1851 S.
455 1816 504 1851 M.
525 1816 574 1851 M.
597 1826 753 1859 phunon.
776 1814 862 1848 Maii
887 1817 972 1850 1658
992 1814 1032 1848 Ρ.
1052 1825 1112 1847 an.
1133 1813 1198 1849 IV.

1420 1922 1508 1965 Rey.
1527 1922 1615 1956 bun.
1640 1922 1702 1958 VI.
1724 1926 1798 1960 155.
1818 1924 1852 1958 b.

343 2039 412 2081 -11,
446 2036 495 2076 A.
520 2035 567 2076 P.
591 2033 641 2075 R.
667 2032 725 2074 M.
751 2036 881 2076 Alias
901 2047 982 2075 nos
1003 2034 1227 2075 ordinem.
1267 2056 1293 2062 -
1330 2030 1452 2073 Alex.
1493 2030 1573 2072 VII
1607 2034 1850 2086 praeposito

262 2123 335 2149 sou
376 2108 529 2149 rectori
569 2120 617 2148 ac
656 2105 913 2159 presbyteris
953 2117 1025 2145 seu
1067 2104 1233 2144 clericis
1274 2103 1405 2157 regul.
1459 2103 1570 2145 dom.
1626 2105 1733 2157 prof.
1778 2119 1852 2147 seu

262 2180 356 2222 coll.
386 2179 657 2221 Venetiarum
689 2176 728 2218 S.
759 2176 793 2218 I.
828 2175 1019 2217 concedit
1050 2175 1273 2216 ecclesiam
1304 2179 1534 2216 conventus
1556 2175 1641 2216 FF.
1675 2177 1853 2218 crucife-

261 2267 419 2304 rorum,
442 2252 557 2292 brevi
578 2252 630 2292 28
654 2251 754 2302 Apr.
782 2251 886 2290 1656
910 2261 1228 2301 suppressorum
1250 2252 1293 2288 et
1329 2248 1626 2300 extinctorum,
1650 2261 1700 2289 ac
1737 2248 1852 2290 illius

263 2325 514 2375 sacristiam,
537 2335 702 2363 sacram
725 2318 1050 2374 supellectilem,
1075 2332 1170 2360 cum
1192 2318 1395 2359 facultate
1416 2318 1648 2372 deputandi
1669 2319 1852 2373 capella-

263 2410 338 2438 nos
358 2409 433 2449 per
453 2408 558 2449 quos
579 2395 717 2435 missis
738 2393 778 2435 d.
803 2393 905 2434 eccl.
931 2391 1274 2433 incumbentibus
1294 2388 1490 2432 satisfiat.

261 2465 305 2498 R.
326 2475 385 2507 ap.
406 2463 441 2497 S.
464 2463 513 2496 M.
536 2462 585 2497 M.
604 2463 637 2497 Π
654 2462 733 2496 Iun.
757 2463 840 2496 1658
857 2460 1058 2495 P.an.1[1.

1416 2570 1505 2613 Req.
1524 2569 1612 2604 buu.
1639 2570 1700 2603 VI.
1722 2572 1794 2605 192.
1817 2570 1850 2603 b.

347 2698 420 2741 42.
454 2693 497 2736 S.
539 2692 668 2747 Cong.
719 2692 846 2734 Conc.
884 2717 910 2723 —
953 2692 1179 2734 Decretum
1218 2691 1580 2734 confirmatorium
1618 2690 1853 2732 sententiae

265 2767 452 2820 archiep.
474 2765 757 2807 Mediolanen.
777 2778 904 2819 super
923 2764 1171 2805 fundatione
1194 2763 1341 2805 domus
1357 2762 1478 2816 prob.
1498 2763 1541 2803 in
1557 2762 1672 2803 civit.
1693 2760 1851 2802 Medio-

265 2839 444 2890 lanensi,
465 2837 648 2878 exclusis
668 2842 811 2878 tamen
832 2835 1139 2878 conditionibus
1169 2834 1223 2876 ab
1253 2834 1439 2887 archiep.
1473 2833 1689 2888 appositis,
1712 2833 1851 2873 minus

266 2909 504 2952 faventibus
525 2908 741 2950 Societati.

263 2981 305 3013 27
323 2977 421 3020 Sept.
443 2978 540 3011 1658.

1598 3079 1746 3115 Elench.
1767 3078 1854 3113 buu.
