1989 3252
247 246 412 289 Innoc.
434 244 546 288 XII.
917 267 973 273 -—
1001 244 1084 284 424
1110 267 1167 273 ——
1712 245 1840 288 1698.

332 333 406 377 52.
438 329 683 372 Facultates
719 343 995 372 concessae...
1028 329 1183 373 Iacobo
1217 329 1451 373 Gombauld
1484 329 1617 383 praef.
1649 329 1764 371 miss.
1797 330 1841 371 in

251 402 447 444 America
466 402 747 444 meridionali.

252 470 291 504 F.
311 472 331 503 5
348 469 405 503 die
426 471 465 503 17
482 469 550 504 Iul.
571 471 669 504 1698.

250 589 436 624 Formula
453 591 530 623 ira-4
549 591 645 632 typis
663 600 762 622 cusa.
1431 589 1515 631 Req.
1537 590 1624 623 bule.
1649 589 1729 623 VII.
1749 591 1791 624 56
1810 590 1842 622 b.

337 724 407 767 53.
443 724 629 779 Empom‘
649 725 778 765 nobis
801 738 962 779 nuper.
983 747 1008 753 -
1025 721 1118 764 Inn.
1138 721 1238 773 XII,
1255 726 1428 775 petente
1444 720 1593 764 Franc.
1613 721 1848 763 Sarmiento

241 781 528 848 'procuratore
557 794 868 846 provinciarum
904 793 1121 835 Indiarum
1144 793 1182 835 S.
1208 793 1242 835 I.
1270 794 1497 834 committit
1529 793 1652 835 Card.
1679 792 1848 846 Aloysio

256 864 306 906 de
329 864 463 906 Sousa
480 864 750 917 Ulyxbonen.
773 865 954 918 praesuli
974 869 1035 915 ut,
1055 863 1278 906 attendens
1293 863 1347 905 ad
1363 867 1664 905 testamentum
1681 857 1850 905 Ioannis

257 935 436 978 Serrano
457 936 646 988 lusitani,
671 938 742 991 qui
765 938 808 978 in
843 937 943 978 villa
965 950 1041 977 sua
1076 937 1165 989 agri
1187 935 1499 988 Ulyxbonensis
1529 949 1657 989 prope
1679 940 1850 989 pontem

258 1008 310 1050 de
331 1008 511 1050 Friellas
532 1008 753 1062 collegium
776 1009 817 1050 S.
841 1009 876 1050 I.
902 1008 956 1050 ad
987 1009 1206 1050 missiones
1237 1008 1281 1048 in
1302 1007 1586 1049 Orientalibus
1615 1007 1853 1060 regionibus

259 1080 362 1133 erigi
382 1080 533 1132 voluit,
553 1085 596 1122 et
631 1080 683 1121 ad
720 1081 985 1122 voluntatem
1006 1080 1122 1122 Petri
1157 1079 1327 1132 Portug.
1352 1083 1394 1121 et
1430 1079 1723 1132 Algarbiorum
1745 1080 1853 1132 regis

260 1151 438 1193 illustris
474 1152 650 1206 eiusque
691 1154 845 1194 sororis
887 1151 1141 1193 Catharinae
1176 1165 1352 1204 magnae
1389 1151 1633 1192 Britanniae
1668 1151 1853 1203 reginae,

263 1222 487 1275 collegium
523 1222 567 1262 in
589 1221 712 1263 domo
748 1236 774 1262 a
794 1222 939 1275 regina
961 1221 1177 1263 fundanda
1211 1226 1254 1263 et
1288 1222 1329 1264 d.
1355 1223 1517 1263 civitati
1558 1222 1856 1275 propinquiore

265 1294 367 1347 erigi
388 1294 619 1347 permittat.

266 1360 309 1394 R.
329 1371 374 1403 ap
409 1359 446 1393 S.
468 1359 516 1392 M.
537 1360 586 1394 M.
608 1359 731 1394 XXIV
750 1361 828 1394 Oct.
851 1361 934 1394 1698
953 1360 993 1394 P.
1013 1371 1058 1393 an
1092 1359 1185 1394 VIII.

1477 1470 1566 1513 Rey.
1587 1469 1676 1503 hun.
1707 1469 1786 1503 vn.
1805 1471 1859 1503 57.

354 1604 426 1646 54.
459 1601 638 1654 Templa
672 1601 915 1654 provinciae
956 1600 1242 1642 Malabaricae
1282 1601 1325 1641 in
1366 1600 1518 1654 quibus
1557 1600 1610 1641 ab
1647 1600 1742 1642 Inn.
1779 1599 1861 1641 XII

271 1686 469 1714 concessa
487 1676 552 1713 est
567 1671 832 1724 indulgentia
848 1671 985 1713 bonae
1006 1672 1153 1713 mortis
1175 1676 1379 1725 perpetua
1401 1672 1444 1712 in
1464 1685 1550 1713 una
1571 1686 1624 1713 ex
1640 1671 1863 1713 dominicis

272 1743 498 1785 cuiuslibet
519 1743 676 1784 mensis
697 1758 704 1784 :
734 1745 769 1784 1.
795 1743 898 1784 eccl.
923 1744 1214 1784 sanctissimae
1236 1742 1445 1796 Deiparae
1465 1743 1509 1783 in
1530 1742 1705 1795 Coulan‚
1729 1743 1860 1784 dioec.

272 1815 471 1856 Cocinen.
511 1817 549 1856 2.
588 1813 688 1855 ecel.
734 1814 849 1868 Virg.
888 1809 1129 1868 assumptae
1167 1815 1209 1855 in
1250 1813 1393 1868 Toppo
1430 1815 1470 1856 d.
1509 1814 1642 1857 dioec.
1681 1816 1721 1856 3.
1761 1813 1863 1855 eccl.

275 1886 315 1928 S.
336 1886 393 1927 M.
414 1887 668 1939 Assumptae
685 1887 727 1927 in
746 1885 952 1939 Manapar
968 1886 1009 1927 d.
1028 1885 1164 1927 dioec.
1183 1889 1224 1927 4.
1244 1885 1292 1926 B.
1309 1885 1341 1925 V
1362 1887 1405 1927 in
1422 1885 1652 1938 Punicayle
1670 1886 1710 1926 d.
1730 1885 1863 1926 dioec.

276 1962 316 2001 5.
347 1957 453 1999 eccl.
490 1957 531 1999 S.
566 1958 681 1999 Petri
713 1960 754 1998 in
787 1957 1010 2010 Turucury
1029 1957 1070 1999 d.
1096 1957 1228 1999 dioec.
1255 1960 1293 1998 6.
1320 1957 1422 1999 eccl.
1449 1957 1597 1998 Matris
1619 1956 1693 1998 Dei
1722 1956 1867 1998 Melia·
1907 1971 1911 1975 ·

277 2016 382 2083 pori,
406 2029 536 2070 dioec.
560 2028 835 2082 Meliaporen.
856 2030 896 2071 7.
917 2029 1021 2070 eccl.
1042 2029 1083 2071 S.
1110 2028 1318 2082 Deip-arae
1340 2028 1435 2070 coll.
1461 2028 1553 2070 Soc.
1576 2027 1866 2082 BengalensiS,

277 2101 317 2143 d.
342 2100 476 2143 dioec.
501 2126 526 2131 —
550 2101 700 2143 Brevia
729 2101 888 2143 tradita
910 2105 1008 2142 sunt
1030 2101 1076 2143 P.
1101 2100 1250 2142 Ioanni
1281 2100 1331 2142 de
1353 2099 1494 2153 Costa,
1518 2114 1683 2154 procur.
1709 2099 1750 2142 d.
1775 2113 1868 2152 pro-

266 2173 456 2214 'vinciae
1714 2168 1717 2170 ’

277 2241 318 2273 20
337 2240 427 2273 Νον.
448 2242 544 2274 1698.

1490 2348 1576 2389 Rey.
1596 2347 1684 2380 hall.
1715 2347 1795 2381 Vll.
1815 2349 1869 2382 60.

365 2482 440 2525 55.
471 2479 647 2532 Templa
677 2493 794 2532 prov.
820 2478 1107 2520 Malabaricae
1129 2479 1172 2519 in
1194 2477 1345 2532 quibus
1375 2478 1428 2519 ab
1450 2477 1542 2519 Inn.
1568 2477 1650 2518 XII
1676 2490 1874 2519 concessa

284 2555 347 2592 est
368 2551 454 2593 ind.
480 2551 590 2604 plen.
614 2564 689 2603 pro
720 2549 1023 2591 festivitatibus
1053 2550 1108 2590 ad
1141 2551 1189 2592 15
1211 2563 1359 2591 annos.
1387 2551 1423 2591 l.
1447 2549 1489 2590 in
1519 2549 1621 2591 eccl.
1646 2548 1688 2591 S.
1713 2547 1872 2601 Crucis,

286 2636 383 2676 opp.
403 2620 582 2663 Coleche
598 2621 734 2663 dioec.
754 2620 973 2673 Cocinen„
993 2624 1016 2663 3
1036 2621 1152 2663 Maii.
1172 2646 1197 2652 -
1218 2623 1257 2662 2.
1278 2621 1322 2661 in
1344 2620 1447 2661 eccl.
1470 2619 1582 2673 Virg.
1605 2620 1873 2674 Assumptae,

286 2707 382 2747 opp.
402 2693 563 2747 Toppo,
583 2693 623 2735 d.
644 2692 777 2734 dioec.
801 2695 849 2734 15
870 2693 973 2745 Aug.
988 2717 1014 2723 -
1031 2695 1071 2734 3.
1090 2693 1132 2734 in
1150 2706 1244 2746 opp.
1262 2691 1544 2744 Cumorim,d.
1564 2691 1697 2732 dioec.
1717 2693 1742 2732 8
1758 2691 1872 2745 Sept.

287 2789 314 2796 -
333 2767 374 2806 4.
399 2765 442 2805 in
463 2763 566 2806 eccl.
590 2763 659 2806 SS.
685 2763 856 2805 Ioannis
887 2763 1045 2816 Evang.
1071 2768 1115 2805 et
1145 2763 1309 2816 Steph.‚
1334 2776 1431 2816 opp.
1456 2762 1559 2803 Tala
1580 2762 1620 2803 d.
1646 2761 1799 2814 dioec.‚
1822 2764 1874 2803 26

288 2842 332 2879 et
352 2836 404 2878 27
425 2835 516 2877 dec.
540 2861 566 2866 -
587 2839 626 2877 5.
652 2836 696 2877 in
717 2836 820 2877 eccl.
847 2835 960 2888 Virg.
987 2836 1078 2877 Ass.
1104 2849 1200 2888 opp.
1227 2834 1433 2888 Manapar
1453 2834 1492 2875 d.
1518 2834 1670 2886 dioec.‚
1696 2836 1745 2876 15
1767 2835 1874 2887 Aug.

289 2931 316 2939 -
337 2909 376 2949 6.
396 2907 439 2948 in
461 2907 564 2949 eccl.
585 2906 626 2949 S.
646 2907 791 2948 Crucis
809 2907 909 2948 ibid.
934 2908 983 2948 14
999 2906 1116 2959 Sept.
1136 2931 1161 2936 —
1178 2907 1217 2948 7.
1243 2907 1287 2946 in
1308 2905 1410 2947 eccl.
1430 2905 1471 2946 S.
1492 2905 1664 2947 Antonii
1685 2905 1878 2946 Patavini

290 2990 388 3031 opp.
426 2977 665 3030 Handaley‚
702 2977 743 3019 d.
782 2977 915 3019 dioec.
957 2979 1006 3018 13
1042 2978 1128 3018 iun.
1154 3002 1179 3007 —
1200 2979 1240 3018 8.
1279 2976 1323 3017 in
1358 2976 1461 3017 eccl.
1496 2975 1536 3017 S.
1564 2975 1749 3016 Thomae
1780 2989 1874 3029 opp.

293 3047 639 3102 Viraudapatam.
666 3048 706 3090 d.
732 3048 863 3090 dioec.
888 3050 936 3090 21
963 3048 1062 3090 Dec.
1087 3073 1112 3079 -
1133 3051 1173 3089 9.
1197 3048 1239 3088 in
1261 3047 1363 3089 eccl.
1389 3046 1435 3088 B.
1462 3046 1576 3099 Virg.
1601 3060 1698 3100 opp.
1718 3046 1880 3099 Paney-
