1989 3252
299 184 442 229 Clem.
466 183 526 226 X.
970 204 1026 210 —
1052 180 1133 220 400
1164 203 1216 208 —
1751 177 1884 221 1676.

298 270 548 321 commissis,
572 269 751 309 alumnis
774 269 959 321 ipsorum
988 267 1262 319 collegiorum
1294 266 1337 305 in
1366 265 1496 316 victu,
1529 263 1683 304 vestitu
1713 267 1885 317 totaque

299 340 523 393 disciplina
543 339 772 380 domestica
792 353 836 380 se
858 338 1135 388 conforment,
1160 337 1349 390 alioquin
1371 335 1653 376 dimittantur.

300 407 413 450 1{.ap.
434 406 469 440 s.
491 406 538 440 Μ.
561 407 610 440 Μ.
628 405 750 440 xxm
767 406 862 449 Aug.
887 406 971 440 1675
989 404 1029 437 P.
1049 415 1108 438 an.
1128 403 1190 438 VI.

301 538 403 572 Buzc.
423 537 527 571 Rom.
546 555 588 560 —
607 535 707 570 Buzc.
728 535 771 569 de
783 546 939 579 propaq.
958 535 1032 578 fide
1048 534 1080 567 I.
1101 537 1177 568 464.
1518 532 1607 578 Rey.
1627 533 1713 564 bull.
1736 530 1794 565 VI.
1814 532 1894 565 229.

384 669 451 712 61.
476 667 526 708 A.
553 666 598 708 Ρ.
626 665 677 707 R.
698 665 756 706 M.
779 672 888 710 Cum
908 668 1083 708 dudam
1106 667 1183 719 fel.
1206 679 1293 707 rec.
1313 687 1339 693 —
1354 662 1485 704 Clem.
1505 661 1543 702 X
1559 662 1709 703 statuit
1726 661 1884 715 profes-

302 754 368 781 sos
389 739 429 781 S.
454 738 489 780 1.
514 739 586 792 qui
607 738 659 779 de
679 737 830 789 Praep.
851 736 959 778 Gen.
979 736 1155 776 licentia
1176 734 1229 775 ad
1261 734 1392 775 alium
1415 733 1606 775 ordinem
1628 733 1890 783 transierint,

303 811 401 852 inde
423 815 516 864 post
534 810 733 850 emissam
754 807 1057 861 professionem
1080 807 1197 848 exire
1213 811 1288 847 aut
1308 805 1445 846 denuo
1468 803 1521 845 ad
1542 804 1673 844 alium
1690 803 1894 855 ordinem,

305 881 595 923 Carthusiensi
616 884 809 933 excepto,
833 879 1013 920 transire
1034 891 1117 919 non
1139 890 1277 930 posse.

307 950 348 984 R.
368 960 426 992 ap.
448 948 483 983 S.
504 948 554 982 M.
574 947 624 981 M.
645 947 732 982 XVI
751 945 849 988 Sept.
874 947 955 980 1675
974 945 1014 979 P.
1036 956 1095 978 an.
1115 944 1176 979 VI.

309 1083 410 1117 Bull.
428 1083 538 1116 Rom.
556 1101 597 1105 —
615 1080 713 1115 Nov.
731 1081 820 1114 buu.
839 1080 874 1114 S.
893 1079 923 1113 I.
945 1080 1021 1113 198.
1518 1075 1610 1119 Req.
1629 1074 1719 1108 buu.
1744 1073 1804 1108 VI.
1824 1076 1900 1108 230.

391 1227 465 1272 62.
485 1227 557 1264 Ex
575 1223 780 1263 iniuncto
801 1220 1012 1273 desuper.
1036 1245 1062 1251 -
1077 1218 1207 1261 Clem.
1231 1217 1285 1271 X,
1304 1219 1445 1259 citatis
1461 1217 1545 1259 litt.
1569 1216 1691 1258 Pauli
1712 1215 1771 1268 II,
1793 1217 1901 1254 Cum

310 1301 360 1337 in
378 1295 589 1337 omnibus
608 1293 809 1340 iudiciis,
835 1295 956 1346 1465,
982 1291 1015 1334 V
1036 1292 1095 1333 id.
1121 1291 1239 1344 Maii,
1263 1289 1505 1344 petentibus
1534 1289 1663 1342 capit.
1687 1293 1730 1329 et
1750 1300 1901 1329 canon.

311 1369 414 1412 eccl.
437 1368 688 1420 Florentin.,
712 1365 885 1408 mandat
914 1364 1154 1418 primicerio
1185 1362 1289 1404 eccl.
1314 1362 1484 1403 Praten.
1510 1364 1552 1402 et
1571 1361 1653 1401 vic.
1676 1373 1770 1412 gen.
1795 1359 1905 1411 epis-

312 1442 406 1495 copi
440 1440 611 1482 Praten.
648 1442 697 1480 ut
730 1436 965 1479 concedant
997 1435 1214 1476 licentiam
1249 1432 1455 1474 vendendi
1490 1431 1749 1485 presbyteris
1785 1429 1827 1471 S.
1866 1428 1901 1470 I.

314 1511 518 1568 quasdam
539 1511 686 1552 domos
721 1514 763 1551 et
799 1507 1074 1550 domunculas
1104 1519 1199 1547 cum
1222 1505 1488 1559 pertinentiis
1508 1504 1630 1544 iuxta
1650 1502 1753 1543 eccl.
1779 1501 1819 1542 S.
1845 1500 1903 1542 M.

316 1599 342 1627 a
361 1584 571 1637 Grignano
606 1596 734 1623 nunc.
760 1582 803 1621 111
837 1581 914 1621 ciV.
940 1579 1110 1620 Praten.
1135 1579 1253 1629 sitas,
1277 1576 1430 1618 valoris
1467 1576 1510 1615 in
1541 1588 1681 1628 propr.
1705 1575 1813 1615 2000
1845 1586 1902 1613 sc.

317 1656 426 1706 flor„
448 1653 563 1696 redd.
588 1654 719 1695 annui
742 1654 793 1694 60
816 1665 893 1692 sc..
917 1664 991 1704 pro
1012 1649 1149 1703 pretio
1171 1650 1278 1690 2300
1297 1661 1355 1688 sc.
1394 1653 1436 1687 et
1466 1646 1750 1698 recognitione
1779 1644 1905 1684 unius

317 1727 522 1769 candelae
544 1728 567 1766 6
589 1725 809 1766 unciarum
831 1722 1006 1776 singulis
1026 1721 1238 1762 decennis.

317 1795 356 1829 R.
380 1805 438 1837 ap.
459 1793 497 1828 S.
515 1793 564 1828 M.
585 1792 634 1827 M.
655 1791 721 1827 VH
738 1791 811 1824 kal.
833 1790 921 1823 Nov.
945 1791 1028 1823 1675
1049 1788 1090 1821 Ρ.
1109 1798 1168 1821 an.
1188 1787 1253 1822 IV.

1492 1905 1579 1948 Rey.
1600 1905 1688 1938 buu.
1716 1903 1774 1937 VJ.
1793 1905 1857 1938 232
1873 1903 1907 1936 b.

403 2037 475 2083 63.
510 2032 773 2074 coecestzum
795 2040 1053 2070 munerum.
1077 2054 1103 2059 —
1117 2027 1347 2070 Clementis
1363 2025 1397 2067 X
1423 2025 1581 2078 indulg.
1606 2038 1679 2078 pro
1696 2022 1909 2065 missioni-

320 2108 399 2149 bus
419 2108 461 2150 S.
485 2107 520 2148 I.
544 2105 597 2147 ad
617 2104 885 2158 septennium
908 2102 1012 2154 (Cfr.
1038 2100 1158 2142 Alex.
1182 2099 1279 2141 VII.
1303 2113 1345 2140 n.
1369 2098 1454 2151 67).

323 2179 339 2211 1
358 2175 466 2209 Febr.
484 2174 580 2208 1676.

1647 2273 1682 2306 E
1685 2273 1800 2307 Zeneh.
1821 2270 1910 2306 bun.

408 2419 482 2462 64.
506 2413 579 2454 Ad
598 2411 875 2465 auyemlam.
899 2436 926 2442 -
946 2409 1176 2452 Clementis
1192 2406 1230 2448 X
1252 2407 1410 2459 indulg.
1430 2420 1503 2460 pro
1527 2405 1719 2446 oratione
1739 2406 1793 2444 40
1814 2403 1903 2444 hor.

325 2490 368 2531 in
387 2486 735 2543 quinquagesima
755 2483 857 2537 (Cfr.
883 2482 1016 2524 Clem.
1040 2479 1101 2522 IX
1123 2493 1165 2522 11.
1194 2481 1275 2531 14).

328 2559 367 2591 16
386 2555 493 2589 Mart.
514 2554 610 2588 1676.

1653 2648 1805 2684 E'lench.
1825 2649 1915 2684 buu.

411 2796 486 2840 65.
516 2791 756 2834 Facultates
775 2801 998 2832 concessae
1033 2800 1059 2829 a
1079 2786 1149 2828 SS.
1173 2785 1223 2827 D.
1250 2783 1302 2825 N.
1328 2782 1543 2824 Clemente
1579 2779 1661 2821 div.
1686 2793 1748 2833 pr.
1773 2778 1855 2820 ΡΡ.
1874 2777 1913 2818 X

325 2867 373 2910 P.
398 2865 607 2908 Ludovico
629 2863 680 2904 de
715 2862 918 2914 Carmago
954 2859 1185 2914 (Camargo)
1216 2856 1256 2898 S.
1282 2854 1317 2897 I.
1342 2867 1481 2907 super.
1507 2854 1620 2894 miss.
1645 2850 1779 2893 eiusd.
1803 2850 1844 2892 S.
1869 2850 1912 2891 in

328 2951 444 2991 prov,
464 2935 690 2978 foederatis
705 2932 929 2974 Flandriae
947 2956 970 2962 —
986 2930 1036 2971 In
1052 2928 1201 2982 Congr.
1220 2941 1312 2981 gen.
1334 2926 1374 2968 S.
1399 2924 1449 2966 R.
1475 2928 1517 2965 et
1532 2923 1585 2964 U.
1600 2922 1693 2976 Inq.
1709 2921 1854 2962 habita
1870 2922 1913 2961 in

329 3009 415 3063 pal.
452 3006 631 3062 apostol.
669 3019 738 3059 ap.
762 3003 804 3047 S.
828 3002 885 3045 M.
911 3002 968 3044 M.
993 3000 1065 3043 SS.
1089 3000 1140 3042 D.
1163 2998 1253 3041 N...
1279 2997 1413 3050 Belgii
1435 2995 1674 3037 foederatis.
1700 2993 1765 3034 Ad
1787 2993 1915 3034 trien-

1955 0 1989 74 1

1976 94 1989 210 ³}
