1989 3189
130 219 270 264 Pauli
290 220 344 264 V.
797 244 850 251 —
879 222 959 263 235
990 246 1043 252 -
1570 223 1704 268 1606.

128 305 236 358 gulis
257 305 378 346 annis
407 304 458 347 de
486 305 716 348 redditibus
746 311 790 348 et
808 309 952 360 poenis
980 308 1285 351 maleficiorum
1304 308 1646 362 provenientibus
1667 313 1708 350 et

131 375 184 417 ad
204 388 413 416 cameram
434 377 719 430 Apostolicam
741 378 1036 431 spectantibus,
1068 384 1262 421 manente
1292 380 1438 422 eadem
1467 379 1507 422 d.
1541 380 1707 434 collegii

127 447 379 488 necessitate
398 448 628 500 apostolica
649 450 899 490 auctoritate
920 463 972 491 ex
993 449 1142 492 iisdem
1163 451 1394 492 redditibus
1416 452 1612 504 assignat.

129 512 172 546 R.
191 523 248 556 ap.
270 512 306 547 S.
331 513 367 546 Ρ.
387 515 428 547 21
448 513 520 546 Ian.
545 516 627 549 1606
645 514 685 548 Ρ.
705 525 764 547 an.
783 515 811 550 Ι.

1132 671 1134 673 ‚
1162 626 1406 668 Fundjprov.
1431 626 1514 661 Ven.
1536 632 1622 661 tom.
1641 627 1705 661 IV.

205 734 280 777 524.
312 738 384 775 Eoe
403 738 603 776 emuncto
624 736 764 777 nobis.
788 758 813 764 -
834 733 954 775 Paul.
980 734 1014 774 V
1037 735 1328 777 archidiacono
1350 735 1452 777 eccl.
1480 735 1706 777 Taurinen.

125 806 166 843 et
201 803 281 843 vic.
312 816 452 855 gener.
484 803 801 858 Archiepiseopi
836 805 1060 847 Taurinen.
1094 807 1317 847 committit
1346 811 1392 847 ut
1421 807 1592 847 attentis
1621 807 1706 847 litt.

123 872 246 913 Pauli
265 872 306 914 II
332 889 339 915 :
367 880 473 917 Cum.
500 882 545 922 7572
574 878 784 918 omnibus
809 879 1010 929 iudaeus,
1034 882 1075 918 et
1105 878 1399 919 informatione
1419 882 1592 930 accepta
1612 891 1709 918 con-

126 943 248 985 cedat
276 946 626 997 permutationem
657 959 730 998 pro
752 946 923 1000 collegio
946 946 1193 989 Taurinensi
1215 947 1253 989 S.
1279 948 1314 990 Ι.
1339 962 1391 989 ex
1422 962 1507 989 una
1526 954 1644 1001 parte
1666 952 1708 989 et

125 1027 200 1067 pro
221 1014 367 1055 Barth.
393 1014 530 1056 Prana
550 1018 786 1070 praeposito
808 1031 932 1059 nunc.
960 1019 1128 1071 paroch.
1161 1020 1363 1061 ecclesiae
1393 1020 1708 1073 praepositurae

124 1099 248 1126 nunc.
273 1085 354 1127 loci
375 1085 426 1127 de
447 1085 623 1128 Settimo
645 1087 685 1128 d.
710 1087 842 1129 dioec.
867 1103 920 1130 ex
940 1090 1089 1142 altera,
1107 1094 1245 1132 terrae
1265 1092 1383 1144 petii,
1403 1091 1512 1144 prati
1533 1090 1573 1132 S.
1594 1090 1707 1131 Petri

126 1169 251 1197 nunc.
275 1158 299 1197 8
324 1158 386 1209 1χ2
405 1157 609 1210 iugerum,
633 1163 676 1199 et
696 1160 833 1213 campi
865 1161 915 1201 14
945 1161 1027 1214 iug.
1061 1162 1180 1202 iuxta
1209 1175 1355 1202 nemus
1386 1160 1636 1202 Cantalabro
1667 1165 1708 1203 et

124 1226 430 1280 aquaeductum
452 1227 641 1270 Planivei
665 1230 717 1282 (5³)
748 1243 795 1270 ac
826 1229 1067 1272 Gomettum
1097 1237 1139 1273 et
1169 1232 1278 1273 bona
1308 1231 1348 1274 d.
1382 1232 1562 1285 collegii,
1585 1231 1638 1273 ad
1664 1231 1703 1273 d.

122 1297 221 1338 eccl.
243 1300 524 1352 spectantium
546 1299 694 1352 (valor,
714 1302 792 1342 230
814 1307 920 1343 scut.
939 1315 1012 1343 seu
1034 1304 1113 1343 207
1135 1302 1231 1344 duc.
1251 1304 1343 1344 auri
1370 1303 1420 1344 de
1441 1316 1568 1354 eam.,
1587 1302 1703 1344 redd.

123 1381 218 1409 ann.
245 1370 268 1408 7
291 1371 417 1422 scut.)
438 1384 512 1423 pro
533 1376 646 1412 terra
667 1372 829 1413 arativa
849 1374 901 1413 20
922 1373 1005 1426 iug.
1032 1374 1073 1414 in
1092 1375 1223 1414 territ.
1244 1374 1283 1415 d.
1309 1374 1390 1415 loci
1407 1373 1461 1415 ad
1481 1372 1522 1415 S.
1541 1373 1705 1415 Palme-

121 1440 232 1484 rium
252 1440 373 1482 iuxta
395 1440 504 1482 bona
524 1441 564 1482 d.
588 1442 689 1484 eccl.
715 1448 755 1484 et
776 1443 993 1496 pasculum
1023 1445 1309 1486 universitatis
1339 1449 1380 1486 et
1400 1445 1510 1486 bona
1529 1444 1703 1497 Casalis,

123 1523 230 1564 quae
251 1525 384 1565 nuper
404 1525 456 1553 ex
477 1513 726 1566 emphiteosi
750 1515 925 1570 antiqua
946 1515 1141 1557 devoluta
1170 1520 1211 1557 et
1232 1516 1272 1558 d.
1302 1516 1475 1570 collegio
1505 1517 1573 1558 via
1601 1516 1705 1557 iuris

122 1581 364 1623 adjudicata
379 1582 473 1624 fuit.

120 1646 164 1681 R.
184 1657 242 1690 ap.
264 1647 299 1682 S.
321 1647 361 1683 P.
382 1648 447 1682 XV
469 1648 541 1683 kal.
563 1650 647 1683 Feb.
673 1653 758 1685 1605
776 1651 814 1685 Ρ.
836 1664 896 1686 an.
915 1653 939 1687 1.

1294 1764 1380 1808 Rey.
1402 1764 1479 1797 bull
1511 1764 1575 1799 IV.
1600 1766 1648 1798 18.
1670 1764 1703 1796 b.

204 1873 276 1917 25.
311 1879 417 1916 szz
439 1879 636 1918 attentae
656 1879 1054 1921 consideration23.
1078 1902 1103 1907 -
1124 1877 1227 1918 Paul
1249 1877 1301 1930 V,
1324 1877 1563 1931 petentibus
1584 1891 1704 1931 prae-

120 1942 256 1994 posito
286 1947 328 1984 et
357 1943 539 1996 presbyt.
575 1945 721 1986 domus
751 1946 856 1999 prof.
894 1946 934 1988 S.
972 1947 1006 1989 1.
1046 1948 1383 2000 Panormitanae,
1419 1949 1572 1990 vicario
1606 1962 1699 2001 gen.

121 2012 366 2066 archiepisc.
390 2013 677 2056 Panormitani
700 2018 925 2058 committit
945 2023 991 2059 ut
1012 2021 1167 2060 vocatis
1188 2020 1383 2061 vocandis
1405 2033 1478 2073 pro
1499 2019 1704 2072 amplian-

122 2083 175 2124 da
204 2083 244 2126 d.
270 2084 391 2126 domo
422 2087 605 2138 assignet
635 2087 854 2129 ecclesiam
886 2088 955 2131 SS.
990 2088 1164 2132 Cosmae
1196 2096 1237 2132 et
1262 2091 1453 2132 Damiani
1474 2104 1568 2132 cum
1588 2090 1703 2131 illius

122 2153 244 2195 domo
266 2161 308 2196 et
329 2156 524 2198 viridario
551 2157 730 2211 (fructus
752 2159 876 2213 nulli)
908 2161 1026 2201 iuxta
1057 2163 1380 2203 transactionem
1410 2176 1503 2203 cum
1534 2162 1703 2203 civitate

47 2274 51 2275 ⁷
122 2229 165 2266 et
185 2225 465 2268 confratribus
487 2227 526 2269 S.
552 2228 708 2270 Rocchi
730 2235 772 2270 et
793 2230 860 2272 SS.
886 2231 1059 2273 Cosmae
1081 2238 1123 2274 et
1145 2232 1338 2274 Damiani
1358 2234 1519 2274 initam.

123 2289 165 2323 R.
185 2301 244 2332 ap.
265 2289 302 2324 S.
322 2291 362 2324 P.
383 2292 433 2326 [Π
450 2292 495 2325 id.
518 2294 605 2336 Apr.
630 2296 711 2329 1606
729 2295 768 2328 Ρ.
789 2306 847 2328 an.
867 2295 895 2330 I.

1346 2407 1423 2450 Rey
1455 2407 1540 2441 bun.
1561 2407 1627 2441 JV.
1647 2410 1701 2443 35.

206 2510 290 2565 ⁶36.
326 2508 366 2550 S.
410 2508 558 2563 Congr.
602 2512 893 2564 episcoporum
939 2519 981 2554 et
1024 2514 1275 2567 regularium
1326 2516 1554 2569 decretum,
1592 2516 1702 2571 quod

123 2576 334 2619 Ordinarii
354 2583 579 2621 teneantur
600 2581 699 2623 dare
720 2581 914 2624 Patribus
935 2583 975 2625 S.
1002 2585 1034 2626 Ι.
1058 2585 1305 2627 facultatem
1327 2587 1510 2640 erigendi
1532 2587 1700 2629 domum

0 2647 19 2671 5⁷
47 2677 50 2679 -
124 2647 397 2702 probationis,
433 2664 516 2692 non
554 2653 710 2693 vocatis
747 2655 925 2695 caeteris
956 2655 1231 2709 regularibus,
1264 2657 1486 2699 dummodo
1516 2658 1701 2700 habeant

123 2718 311 2760 redditus
331 2720 598 2774 sufficientes,
622 2723 899 2766 nonobstante
918 2731 1035 2766 motu
1056 2728 1222 2780 proprio
1243 2726 1374 2770 Clem.
1398 2728 1515 2771 VIII.

122 2785 141 2816 8
157 2784 246 2818 Maii
265 2787 359 2820 1606.

1440 2906 1588 2940 Elench.
1610 2907 1699 2943 buu.
