1989 3252
111 213 254 258 Clem.
277 214 416 258 XIII·
774 239 828 246 —
855 216 935 256 489
972 240 1017 246 —
1553 215 1684 260 1763.

111 313 202 342 sese
222 301 302 342 hac
324 302 366 342 in
386 315 432 343 re
450 301 614 354 tulisse,
637 301 748 355 quod
768 302 951 343 nondum
972 302 1181 355 prolatum
1203 307 1266 344 est
1284 303 1328 344 in
1361 302 1508 356 vulgus
1538 302 1609 343 sed
1639 307 1684 343 ut

111 384 164 413 ex
185 384 304 413 sacra
323 371 437 414 Petri
457 372 656 414 cathedra
676 373 961 426 promulgetur
980 373 1188 427 reliquum
1209 378 1284 415 est.

107 436 150 472 R.
169 447 227 480 ap.
248 437 298 472 M.
320 437 369 473 M.
389 438 490 474 XVII
508 438 608 481 Sept.
628 441 711 474 1763
730 439 770 473 P.
790 449 848 473 an.
870 438 929 474 VI.

105 544 206 580 Ball.
225 547 330 582 Rom.

186 672 256 717 35.
292 675 492 714 Litteras
510 672 823 725 fraternitatis
843 677 959 715 cuae.
984 696 1010 701 —
1030 670 1162 712 Clem.
1184 671 1289 712 XIII
1310 672 1477 726 Iosephi
1498 673 1681 726 episcopi

107 740 362 782 Vivariensis
382 740 533 782 litteris
550 740 601 781 de
618 740 847 794 gallicanae
864 742 1065 783 ecclesiae
1081 742 1392 784 calamitatibus
1409 743 1679 796 respondens,

105 811 220 853 dolet
239 812 324 852 ictu
346 810 472 863 oculi,
496 810 611 851 nulla
633 824 759 852 causa
779 811 938 852 indicta
957 812 1050 852 istic
1088 813 1352 864 exstinctam,
1376 814 1680 866 praestantium

50 888 53 891 '
104 882 262 935 pietate
282 885 324 923 et
344 881 534 922 doctrina
554 882 736 923 virorum
759 881 1008 923 Societatem
1025 882 1136 934 Iesu,
1154 883 1363 924 iuventuti
1378 897 1499 937 porro
1517 883 1680 925 clausos

101 965 226 1005 puros
247 952 382 994 fontes
406 951 514 993 unde
532 952 709 1003 litteras,
730 952 859 994 bonos
875 966 1011 994 mores
1029 958 1071 994 et
1086 953 1296 1006 religionis
1313 967 1497 995 amorem
1514 954 1680 995 haurie-

98 1023 183 1074 bat,
205 1023 398 1065 hortatur
421 1027 467 1064 ut
488 1024 601 1064 omni
621 1028 774 1065 conatu
796 1025 1138 1067 constitutionem
1164 1031 1433 1081 [fmyem'cus
1454 1025 1679 1067 defendant

99 1095 284 1147 episcopi
304 1099 344 1135 61
367 1096 413 1136 Β.
440 1094 552 1136 Petri
571 1094 797 1136 cathedrae
819 1096 1113 1137 auctoritatem
1134 1101 1347 1138 tueantur.

100 1159 142 1194 R.
161 1170 217 1202 ap.
236 1160 273 1194 S.
293 1160 342 1194 M.
362 1160 412 1195 M.
432 1160 498 1195 VII
516 1160 604 1194 Nov.
626 1163 710 1194 1763
730 1161 769 1195 P.
790 1172 848 1194 an.
872 1160 929 1195 vl.

98 1268 197 1303 Bulc.
217 1270 322 1304 Rom.

179 1389 250 1432 36.
285 1394 454 1431 Sacras
474 1403 549 1432 res
571 1396 616 1431 ἱη
640 1394 802 1432 vas-cra.
824 1413 848 1418 -
869 1388 1000 1429 Ulem.
1026 1387 1129 1429 XIII
1152 1388 1300 1429 Ioanni
1321 1388 1378 1430 M.
1407 1393 1485 1442 epo
1506 1388 1674 1430 Rivensi

96 1457 287 1499 condolet
307 1458 590 1512 superioribus
611 1459 813 1500 laicorum
845 1460 971 1499 curiis
992 1460 1034 1500 in
1056 1458 1193 1500 Gallia
1214 1459 1319 1500 1111111
1341 1461 1423 1500 iam
1446 1473 1535 1501 esse
1557 1474 1674 1500 sanc-

97 1533 202 1582 tum,
225 1530 465 1572 convulsam
505 1530 705 1571 radicitus
742 1530 957 1572 Ecclesiae
978 1536 1244 1584 potestatem,
1268 1531 1440 1572 clericos
1462 1545 1546 1584 reg.
1571 1531 1610 1572 S.
1636 1531 1670 1572 1.

94 1601 324 1642 catholicae
360 1602 549 1643 veritatis
584 1607 913 1655 propugnatores
944 1603 1144 1655 egregios,
1168 1602 1325 1643 indicta
1353 1616 1480 1643 causa
1514 1603 1671 1655 pulsos,

96 1672 367 1713 metuendum
379 1687 430 1714 ne
447 1673 654 1714 catholica
669 1673 816 1726 religio
834 1674 876 1713 in
894 1672 1031 1714 Gallia
1048 1678 1191 1726 pereat
1213 1688 1221 1724 ;
1240 1687 1410 1714 causam
1426 1686 1451 1713 a
1466 1674 1673 1714 iansenia-

93 1756 147 1784 na
166 1743 330 1784 haeresi
352 1748 394 1784 et
427 1744 640 1796 encyclica
675 1744 762 1784 Bcn
803 1743 900 1784 XIV
922 1744 1110 1797 neglecta
1132 1745 1301 1797 repetit,
1324 1743 1376 1784 ad
1406 1744 1670 1785 concordiam

93 1818 192 1867 epos
212 1814 417 1855 hortatur.

93 1881 133 1915 R.
153 1892 211 1923 ap.
233 1879 268 1914 S.
289 1880 337 1915 M.
357 1880 406 1914 Μ.
426 1880 479 1915 IX
498 1881 587 1914 Nov.
609 1883 693 1915 1763
714 1882 754 1915 P.
775 1892 832 1915 an.
855 1880 914 1916 VI.

89 1990 187 2024 Ball.
206 1991 312 2025 Rom.

169 2100 240 2143 37.
277 2106 384 2142 Cum
405 2114 464 2142 ex
482 2101 706 2155 pluribus.
732 2124 757 2128 —
779 2099 910 2140 Clem.
935 2098 1038 2140 XIII
1059 2099 1206 2140 Franc.
1227 2103 1304 2152 epo
1322 2098 1669 2152 Montispesulani

89 2182 310 2210 aerumnas
347 2169 618 2210 ecclesiarum
654 2170 957 2223 gallicanarum
990 2175 1032 2211 et
1063 2175 1234 2223 eperum
1256 2171 1344 2211 fere
1365 2171 1550 2211 omnium
1572 2184 1666 2211 cum

86 2238 134 2280 B.
160 2238 273 2280 Petri
299 2239 404 2280 Sede
425 2241 761 2281 coniunctionem
782 2242 1006 2294 exponenti
1037 2242 1227 2282 timorem
1259 2241 1553 2293 depellendum
1574 2254 1667 2282 esse

87 2309 297 2362 significat
321 2326 329 2361 3
353 2310 493 2363 pulsos
514 2324 604 2352 esse
626 2311 725 2352 cler.
751 2311 962 2365 regulares
978 2312 1019 2353 S.
1043 2312 1097 2364 I.,
1116 2312 1312 2353 traditam
1335 2312 1563 2353 iuventutis
1584 2311 1666 2352 dis-

87 2382 285 2435 ciplinam
307 2384 349 2422 in
370 2383 622 2435 periculum,
645 2384 698 2425 ad
728 2389 991 2425 sacramenta
1012 2398 1128 2425 raros
1148 2397 1349 2437 apparere
1370 2383 1532 2435 fideles,
1555 2384 1668 2425 mala

86 2453 189 2493 haec
209 2466 252 2493 se
273 2454 539 2506 prospexisse
560 2455 620 2495 ait
642 2468 734 2496 cum
753 2460 851 2496 ante
876 2457 924 2495 19
942 2469 1105 2496 menses
1122 2456 1175 2497 ad
1192 2459 1291 2508 epos
1307 2455 1479 2495 Parisiis
1498 2468 1667 2507 congre-

84 2529 200 2576 gatos
221 2524 434 2566 scribebat
454 2540 462 2576 3
485 2526 600 2578 origo
636 2539 687 2566 ex
709 2526 900 2579 neglecta
923 2526 1137 2579 encyclica
1156 2526 1259 2567 Ben.
1282 2525 1382 2566 XIV
1402 2539 1528 2579 super
1546 2525 1664 2566 bulla

88 2596 367 2646 Um'yem'lus.

82 2654 122 2688 R.
142 2665 199 2697 ap.
220 2654 256 2688 S.
277 2655 325 2689 M.
348 2655 396 2688 M.
419 2655 482 2690 VII
504 2655 690 2691 Dec.1763
708 2657 748 2690 P.
768 2669 827 2691 an.
848 2657 906 2692 VI.

79 2762 179 2796 Ball.
200 2763 305 2796 Rom.

162 2883 233 2926 38.
269 2887 365 2925 Etsi
387 2888 784 2927 Societatemlesu.
819 2909 844 2914 -
877 2883 1005 2925 Clem.
1046 2883 1149 2924 XIII
1185 2883 1384 2925 Ioannem
1419 2884 1658 2936 episcopum

85 2951 519 3004 Gratianopolitanum
556 2953 701 2995 laudat
736 2956 786 2995 de
828 2955 1108 2995 voluminibus
1147 2956 1407 3007 conscriptis,
1431 2954 1583 3007 quibus
1617 2958 1658 2995 et

81 3020 301 3062 Societatis
322 3021 431 3073 Iesu,
454 3023 507 3063 ab
529 3024 641 3066 Eccl.
666 3025 777 3066 cath.
802 3026 844 3066 in
871 3023 1117 3066 Tridentina
1146 3025 1303 3077 synodo
1325 3024 1655 3077 commendatae,
