1989 3189
242 194 382 238 Pauli
402 193 455 236 V.
914 214 969 220 —
997 191 1077 231 230
1105 215 1159 220 —
1691 193 1822 239 1605.

239 279 279 322 d.
304 278 370 319 die
392 278 559 318 litterae
581 276 796 317 confectae
817 276 1009 328 fuissent,
1032 290 1092 317 sc.
1119 277 1314 318 unionem
1336 291 1432 318 cum
1462 277 1558 319 coll.
1584 278 1825 321 Coloniensi

237 350 278 393 S.
297 350 351 401 1.,
370 347 609 402 petentibus
632 345 811 389 Ernesto
833 347 1032 400 archiep&
1053 347 1267 390 Colonien.
1288 353 1331 389 et
1350 348 1615 390 Ferdinando
1637 363 1690 392 ex
1710 350 1824 392 duci—

236 421 314 462 bus
336 419 540 460 Bavariae
562 418 602 459 d.
637 417 814 459 Ernesto
845 419 889 460 in
911 418 1196 460 coadiutorem
1217 419 1435 472 deputato,
1457 420 1757 462 beneficiorum
1782 422 1826 462 in

235 491 427 544 Bodberg
442 489 671 543 (Badburg,
689 488 883 542 Rodberg
898 490 934 543 ‘?)
949 490 1070 531 iuxta
1085 489 1289 543 Ordegen,
1308 491 1352 531 in
1373 490 1533 533 Vilchel
1549 492 1668 533 iuxta
1687 491 1825 534 Nove-

237 564 363 617 siau.,
400 563 444 603 in
479 560 668 614 Greferd,
710 561 753 601 in
787 560 1033 613 Nolchtum,
1070 562 1114 602 in
1149 560 1334 603 Gostorff
1364 562 1593 616 Chempen.
1636 563 1825 605 locorum

234 634 403 689 paroch.
418 632 622 685 ecclesiis,
635 632 910 686 reliquiarum
930 631 1134 674 bonorum
1151 633 1279 674 diruti
1296 638 1474 675 monast.
1495 635 1667 676 monial.
1687 634 1726 676 S.
1748 634 1826 676 Isi-

236 706 327 748 dori
346 718 477 759 prope
497 717 593 757 opp.
615 704 802 745 Bonnen.
828 703 867 745 d.
893 703 1023 745 dioec,
1048 704 1150 745 olim
1169 705 1321 746 tertiae
1342 718 1427 758 reg.
1462 704 1505 747 S.
1529 704 1599 747 Fr.
1623 705 1755 759 (redd.
1776 709 1828 748 50

237 778 353 829 duc.)
375 790 470 818 cum
491 775 738 829 superstites
768 789 791 816 e
821 776 908 816 vita
937 775 1222 826 discesserint,
1249 775 1397 817 domus
1426 777 1467 818 S.
1493 776 1674 818 Huberti
1695 779 1826 819 conti-

235 862 343 903 guae
360 847 482 890 aulae
499 846 866 900 archiepiscopali,
881 851 1006 900 (pret.
1024 848 1128 888 1000
1146 852 1225 900 sc.)
1243 861 1326 902 qua
1340 847 1575 901 presbyteri
1591 848 1631 891 S.
1648 849 1829 890 Huberti

237 934 364 962 nunc.
389 919 441 960 ob
463 918 667 959 demerita
686 918 840 970 privati
861 918 1045 970 fuerant,
1078 918 1242 972 praedii
1274 919 1343 972 (fr.
1367 922 1419 960 50
1451 918 1566 973 duc.)
1588 921 1708 961 iuxta
1728 934 1825 974 opp.

237 991 467 1044 Chempen,
491 990 592 1031 olim
613 988 667 1031 ad
687 993 868 1031 monast.
893 989 1026 1031 eiusd.
1051 1003 1148 1044 opp.
1173 989 1402 1032 Novesiani
1430 990 1479 1032 O.
1505 989 1544 1032 S.
1571 990 1675 1044 Aug.
1700 992 1829 1044 perti-

237 1064 376 1105 nentis
397 1066 439 1104 et
459 1061 511 1103 ab
534 1075 582 1103 eo
604 1060 803 1113 abdicati,
829 1064 871 1102 et
900 1061 1105 1103 bonorum
1135 1063 1370 1103 exstinctae
1390 1061 1643 1104 confratern.
1667 1061 1716 1103 B.
1740 1061 1829 1103 Ma-

239 1136 327 1176 riae
348 1134 388 1175 d.
413 1147 507 1187 opp.
535 1132 764 1174 Novesiani
784 1133 853 1185 (fr.
878 1134 930 1173 30
953 1132 1069 1185 duc.)
1091 1130 1297 1174 Concessa
1311 1132 1449 1174 fuerat
1467 1134 1639 1186 insuper
1659 1133 1828 1175 Ernesti

238 1207 492 1251 auctoritate
514 1204 762 1245 immunitas
783 1217 807 1245 a
837 1203 1219 1245 contributionibus
1239 1205 1369 1246 etiam
1389 1205 1576 1257 turcicis,
1599 1218 1625 1246 a
1648 1206 1829 1246 servitiis

238 1292 313 1332 pei·
333 1280 513 1319 monast.
538 1276 635 1318 Stae
657 1275 890 1328 Malburgis
911 1275 959 1316 Ο.
980 1274 1020 1317 S.
1045 1276 1152 1329 Aug.
1178 1275 1332 1317 debitis
1350 1290 1412 1318 vz.
1432 1276 1573 1318 alendi
1593 1289 1732 1328 canes,
1750 1276 1828 1318 fal-

239 1363 380 1402 cones,
403 1348 592 1389 remissio
629 1360 779 1388 census
813 1347 943 1387 annui
965 1349 988 1387 9
1013 1339 1270 1389 maldrorum
1306 1347 1484 1400 siliginis
1520 1351 1562 1389 et
1590 1349 1617 1390 2
1638 1361 1829 1390 amarum

239 1421 326 1462 vini
348 1432 518 1461 mensae
541 1418 725 1471 archiep.
751 1417 882 1460 debiti
901 1419 1065 1460 ratione
1086 1418 1212 1460 villae
1232 1417 1495 1461 Renderlloff
1512 1420 1555 1460 in
1575 1433 1680 1473 pago
1702 1419 1740 1460 N
1743 1419 1829 1461 oal-

241 1491 330 1534 doff
346 1493 467 1533 iuxta
489 1504 583 1545 opp.
606 1489 766 1531 Brulen
786 1489 919 1531 eiusd.
946 1489 1097 1543 dioec.‚
1122 1503 1206 1544 qua
1241 1494 1378 1532 stante
1412 1491 1659 1532 remissione
1694 1495 1830 1532 rector

238 1565 460 1606 remiserat
475 1561 695 1605 nonnullos
716 1562 921 1603 terminos
941 1575 1107 1604 annuae
1127 1562 1331 1616 portionis
1351 1562 1417 1603 vel
1437 1563 1650 1615 pensionis
1671 1575 1696 1603 a
1716 1563 1829 1616 capi-

239 1637 328 1679 tulo
349 1639 609 1689 praetensos.
632 1633 701 1675 Fr.
725 1633 898 1675 insimul
921 1635 998 1675 100
1019 1633 1115 1675 duc.

240 1704 283 1738 R.
303 1714 360 1746 ap.
381 1703 416 1736 S.
438 1702 479 1736 P.
503 1701 551 1735 1V
569 1700 645 1735 kal.
662 1700 742 1735 Iun.
765 1702 850 1734 1605
867 1700 909 1734 Ρ.
929 1711 988 1735 an.
1008 1700 1036 1735 I.

1419 1782 1506 1825 Req.
1526 1782 1615 1816 bule.
1633 1782 1700 1818 IV.
1721 1785 1775 1818 32.
1796 1783 1830 1818 b.

322 1898 365 1941 9.
395 1894 447 1935 Α.
471 1892 519 1935 Ρ.
542 1892 595 1936 R.
616 1891 676 1936 M.
700 1900 907 1949 Aequum
936 1898 1222 1950 reputamus.
1245 1916 1271 1923 -
1292 1891 1412 1934 Paul.
1437 1891 1473 1933 V
1503 1891 1725 1933 confirmat
1743 1891 1830 1933 col-

240 1966 348 2020 legio
370 1964 410 2007 S.
435 1965 471 2008 I.
495 1964 777 2017 Neapolitano
798 1965 1125 2017 concessionem,
1149 1977 1174 2006 a
1194 1963 1327 2006 Clem.
1350 1962 1454 2005 VIII
1475 1963 1559 2005 kal.
1580 1962 1671 2005 Oct.
1690 1962 1737 2004 P.
1757 1976 1828 2005 an.

239 2037 360 2091 XIII,
383 2035 623 2091 petentibus
654 2036 836 2077 Antonio
867 2035 980 2077 Lisio
1010 2040 1113 2078 rect.
1147 2035 1186 2077 d.
1220 2035 1316 2077 coll.
1351 2039 1393 2076 et
1421 2034 1578 2076 Ioanne
1607 2033 1831 2076 Vincentio

238 2109 467 2151 Revertera
487 2107 654 2149 domino
675 2108 716 2148 in
739 2107 959 2161 temporal.
985 2106 1215 2149 Salandrae
1236 2111 1278 2149 et
1307 2106 1350 2148 S.
1382 2105 1544 2148 Antimi
1573 2105 1828 2148 Tricaricen.

239 2182 372 2223 dioec.
405 2179 578 2232 factam,
611 2184 838 2233 proventus
868 2179 998 2220 annui
1031 2181 1107 2221 140
1139 2179 1233 2220 duc.
1267 2191 1393 2232 super
1421 2177 1593 2231 praedio
1624 2177 1831 2219 Massaria

239 2266 363 2294 nunc.
388 2251 637 2304 capacitatis
658 2252 710 2291 70
733 2251 984 2303 modiorum,
1008 2251 1080 2306 qui
1095 2255 1322 2304 proventus
1343 2263 1452 2292 anno
1485 2249 1589 2290 1579
1621 2261 1647 2290 a
1675 2248 1827 2290 Franc.

239 2324 466 2365 Revertera
495 2322 638 2364 domui
667 2322 845 2364 fratrum
875 2323 1085 2364 minorum
1112 2323 1163 2364 de
1190 2322 1457 2364 observantia
1485 2334 1610 2362 nunc.
1634 2318 1675 2362 S.
1698 2319 1829 2361 Fran-

240 2396 342 2437 cisci
362 2396 406 2435 in
425 2399 538 2436 terra
559 2393 788 2436 Salandrae
809 2394 861 2435 ab
883 2395 974 2448 ipso
994 2393 1196 2435 fundatae
1225 2406 1299 2447 pro
1331 2384 1572 2434 liberalium
1601 2391 1755 2433 artium
1787 2396 1830 2433 et

238 2467 487 2521 praesertim
502 2466 740 2519 theologiae
756 2466 894 2508 studio
910 2466 1216 2509 introducendo
1233 2465 1427 2518 donatus,
1446 2464 1544 2506 dein
1563 2465 1665 2517 ipsis
1686 2477 1829 2505 mense

239 2538 465 2581 Decembri
489 2540 593 2580 1598
610 2537 919 2592 recedentibus,
942 2538 1052 2593 quod
1072 2539 1293 2593 incapaces
1312 2537 1547 2590 legatorum
1568 2549 1612 2577 se
1632 2548 1829 2588 agnosce-

239 2615 348 2663 rent,
380 2611 424 2651 in
455 2614 651 2664 nepotem
681 2615 724 2652 et
752 2610 978 2653 haeredem
1011 2609 1215 2653 Ioannem
1252 2608 1372 2651 Vino.
1405 2607 1650 2658 translatus,
1687 2620 1832 2648 mense

240 2682 364 2726 Febr.
390 2684 495 2726 1600
515 2696 541 2725 a
561 2682 711 2737 Congr.
735 2683 876 2738 Episc.
902 2688 945 2726 et
964 2684 1112 2738 Regul.
1134 2683 1188 2726 ad
1208 2684 1297 2726 eius
1318 2681 1637 2736 dispositionem
1657 2679 1831 2722 relictus

241 2753 395 2797 fuerat.

242 2821 284 2856 R.
304 2831 361 2864 ap.
383 2821 419 2856 S.
439 2821 479 2857 P.
502 2821 650 2857 1d.1un.
673 2824 756 2858 1605
776 2822 817 2857 Ρ.
836 2833 895 2858 an.
914 2823 942 2858 Ι.

1471 2896 1561 2942 Rey.
1580 2895 1670 2932 buil.
1688 2895 1755 2932 JV.
1776 2897 1831 2932 31.
