<?xml version="1.0" encoding="UTF-8"?>
<!DOCTYPE html PUBLIC "-//W3C//DTD XHTML 1.0 Transitional//EN"
    "http://www.w3.org/TR/xhtml1/DTD/xhtml1-transitional.dtd">
<html xmlns="http://www.w3.org/1999/xhtml" xml:lang="en" lang="en">
 <head>
  <title>
</title>
<meta http-equiv="Content-Type" content="text/html;charset=utf-8" />
  <meta name='ocr-system' content='tesseract 3.04.00' />
  <meta name='ocr-capabilities' content='ocr_page ocr_carea ocr_par ocr_line ocrx_word'/>
</head>
<body>
  <div class='ocr_page' id='page_1' title='image "./synopsisactorums02delp_0189.png"; bbox 0 0 1989 3252; ppageno 0'>
   <div class='ocr_carea' id='block_1_1' title="bbox 72 230 1655 279">
    <p class='ocr_par' dir='ltr' id='par_1_1' title="bbox 72 230 1655 279">
     <span class='ocr_line' id='line_1_1' title="bbox 72 230 1655 279; baseline 0.004 -6"><span class='ocrx_word' id='word_1_1' title='bbox 72 230 236 274; x_wconf 87' lang='lat' dir='ltr'>Innoc.</span> <span class='ocrx_word' id='word_1_2' title='bbox 258 230 343 275; x_wconf 85' lang='lat' dir='ltr'>XI.</span> <span class='ocrx_word' id='word_1_3' title='bbox 748 258 757 260; x_wconf 97' lang='lat'><em>-</em></span> <span class='ocrx_word' id='word_1_4' title='bbox 782 257 787 260; x_wconf 58' lang='lat'><em>0</em></span> <span class='ocrx_word' id='word_1_5' title='bbox 823 233 903 272; x_wconf 84' lang='lat'>403</span> <span class='ocrx_word' id='word_1_6' title='bbox 932 257 988 263; x_wconf 86' lang='lat'>——</span> <span class='ocrx_word' id='word_1_7' title='bbox 1529 236 1655 279; x_wconf 79' lang='grc'><strong>1677.</strong></span> 
     </span>
    </p>
   </div>
   <div class='ocr_carea' id='block_1_2' title="bbox 71 314 1650 368">
    <p class='ocr_par' dir='ltr' id='par_1_2' title="bbox 71 314 1650 368">
     <span class='ocr_line' id='line_1_2' title="bbox 71 314 1650 368; baseline 0.003 -12"><span class='ocrx_word' id='word_1_8' title='bbox 71 317 235 356; x_wconf 89' lang='lat' dir='ltr'>centius</span> <span class='ocrx_word' id='word_1_9' title='bbox 255 315 336 356; x_wconf 90' lang='grc' dir='ltr'>ΡΡ.</span> <span class='ocrx_word' id='word_1_10' title='bbox 354 315 414 356; x_wconf 92' lang='lat' dir='ltr'>XI</span> <span class='ocrx_word' id='word_1_11' title='bbox 430 316 637 356; x_wconf 78' lang='lat' dir='ltr'>concessit</span> <span class='ocrx_word' id='word_1_12' title='bbox 644 348 724 357; x_wconf 92' lang='grc'><strong>.....</strong></span> <span class='ocrx_word' id='word_1_13' title='bbox 744 314 797 356; x_wconf 92' lang='lat' dir='ltr'>ad</span> <span class='ocrx_word' id='word_1_14' title='bbox 817 318 1097 368; x_wconf 73' lang='lat' dir='ltr'>septennium.</span> <span class='ocrx_word' id='word_1_15' title='bbox 1117 343 1142 349; x_wconf 92' lang='lat'><strong>—</strong></span> <span class='ocrx_word' id='word_1_16' title='bbox 1159 319 1226 360; x_wconf 80' lang='lat' dir='ltr'>Fr.</span> <span class='ocrx_word' id='word_1_17' title='bbox 1242 319 1363 360; x_wconf 54' lang='lat' dir='ltr'>ward.</span> <span class='ocrx_word' id='word_1_18' title='bbox 1384 320 1650 362; x_wconf 73' lang='lat' dir='ltr'>narberinus.</span> 
     </span>
    </p>
   </div>
   <div class='ocr_carea' id='block_1_3' title="bbox 71 385 513 487">
    <p class='ocr_par' dir='ltr' id='par_1_3' title="bbox 71 385 513 487">
     <span class='ocr_line' id='line_1_3' title="bbox 71 385 513 428; baseline 0 -1"><span class='ocrx_word' id='word_1_19' title='bbox 71 386 138 427; x_wconf 88' lang='lat' dir='ltr'>Fr.</span> <span class='ocrx_word' id='word_1_20' title='bbox 164 386 391 427; x_wconf 86' lang='lat' dir='ltr'>Riccardus</span> <span class='ocrx_word' id='word_1_21' title='bbox 414 385 513 428; x_wconf 89' lang='lat' dir='ltr'>Not.</span> 
     </span>
     <span class='ocr_line' id='line_1_4' title="bbox 76 452 492 487; baseline 0.002 -3"><span class='ocrx_word' id='word_1_22' title='bbox 76 453 100 486; x_wconf 89' lang='lat' dir='ltr'>f.</span> <span class='ocrx_word' id='word_1_23' title='bbox 123 452 164 485; x_wconf 88' lang='lat' dir='ltr'>V.</span> <span class='ocrx_word' id='word_1_24' title='bbox 183 452 217 485; x_wconf 89' lang='lat' dir='ltr'>d.</span> <span class='ocrx_word' id='word_1_25' title='bbox 239 455 278 486; x_wconf 87' lang='lat'>10</span> <span class='ocrx_word' id='word_1_26' title='bbox 295 452 373 486; x_wconf 89' lang='lat' dir='ltr'>Iun.</span> <span class='ocrx_word' id='word_1_27' title='bbox 400 455 492 487; x_wconf 90' lang='lat'>1677.</span> 
     </span>
    </p>
   </div>
   <div class='ocr_carea' id='block_1_4' title="bbox 1274 565 1651 608">
    <p class='ocr_par' dir='ltr' id='par_1_4' title="bbox 1274 565 1651 608">
     <span class='ocr_line' id='line_1_5' title="bbox 1274 565 1651 608; baseline 0.005 -10"><span class='ocrx_word' id='word_1_28' title='bbox 1274 565 1361 608; x_wconf 68' lang='lat' dir='ltr'>Rey.</span> <span class='ocrx_word' id='word_1_29' title='bbox 1381 565 1470 600; x_wconf 74' lang='lat' dir='ltr'>bull.</span> <span class='ocrx_word' id='word_1_30' title='bbox 1500 566 1556 599; x_wconf 85' lang='lat' dir='ltr'>VI.</span> <span class='ocrx_word' id='word_1_31' title='bbox 1576 568 1651 600; x_wconf 80' lang='lat'>240.</span> 
     </span>
    </p>
   </div>
   <div class='ocr_carea' id='block_1_5' title="bbox 72 685 1651 812">
    <p class='ocr_par' dir='ltr' id='par_1_5' title="bbox 72 685 1651 812">
     <span class='ocr_line' id='line_1_6' title="bbox 152 685 1651 741; baseline 0.001 -12"><span class='ocrx_word' id='word_1_32' title='bbox 152 688 196 730; x_wconf 79' lang='lat'>4.</span> <span class='ocrx_word' id='word_1_33' title='bbox 229 686 269 727; x_wconf 88' lang='lat' dir='ltr'>S.</span> <span class='ocrx_word' id='word_1_34' title='bbox 309 687 455 739; x_wconf 81' lang='lat' dir='ltr'>Congr.</span> <span class='ocrx_word' id='word_1_35' title='bbox 494 685 618 728; x_wconf 84' lang='lat' dir='ltr'>Cone.</span> <span class='ocrx_word' id='word_1_36' title='bbox 651 711 677 718; x_wconf 92' lang='lat'>—</span> <span class='ocrx_word' id='word_1_37' title='bbox 711 687 933 728; x_wconf 77' lang='lat' dir='ltr'>Decretum</span> <span class='ocrx_word' id='word_1_38' title='bbox 970 688 1012 728; x_wconf 92' lang='lat' dir='ltr'>in</span> <span class='ocrx_word' id='word_1_39' title='bbox 1047 687 1343 741; x_wconf 87' lang='lat' dir='ltr'>Neapolitana,</span> <span class='ocrx_word' id='word_1_40' title='bbox 1376 689 1651 730; x_wconf 87' lang='lat' dir='ltr'>haereditatis</span> 
     </span>
     <span class='ocr_line' id='line_1_7' title="bbox 72 757 1650 812; baseline 0.001 -14"><span class='ocrx_word' id='word_1_41' title='bbox 72 757 252 811; x_wconf 90' lang='lat' dir='ltr'>Tipoldi‚</span> <span class='ocrx_word' id='word_1_42' title='bbox 288 771 413 811; x_wconf 89' lang='lat' dir='ltr'>super</span> <span class='ocrx_word' id='word_1_43' title='bbox 447 757 574 798; x_wconf 90' lang='lat' dir='ltr'>dubio</span> <span class='ocrx_word' id='word_1_44' title='bbox 608 771 662 799; x_wconf 92' lang='lat' dir='ltr'>an</span> <span class='ocrx_word' id='word_1_45' title='bbox 696 758 843 799; x_wconf 89' lang='lat' dir='ltr'>domus</span> <span class='ocrx_word' id='word_1_46' title='bbox 872 758 979 812; x_wconf 87' lang='lat' dir='ltr'>prof.</span> <span class='ocrx_word' id='word_1_47' title='bbox 1013 759 1066 799; x_wconf 88' lang='lat' dir='ltr'>sit</span> <span class='ocrx_word' id='word_1_48' title='bbox 1096 772 1231 811; x_wconf 80' lang='lat' dir='ltr'>capax</span> <span class='ocrx_word' id='word_1_49' title='bbox 1258 760 1546 812; x_wconf 87' lang='lat' dir='ltr'>haereditatis,</span> <span class='ocrx_word' id='word_1_50' title='bbox 1579 760 1650 801; x_wconf 87' lang='lat' dir='ltr'>ubi</span> 
     </span>
    </p>
   </div>
   <div class='ocr_carea' id='block_1_6' title="bbox 69 828 1538 929">
    <p class='ocr_par' dir='ltr' id='par_1_6' title="bbox 69 828 1538 929">
     <span class='ocr_line' id='line_1_8' title="bbox 69 828 1538 881; baseline 0.002 -13"><span class='ocrx_word' id='word_1_51' title='bbox 69 842 311 881; x_wconf 88' lang='lat' dir='ltr'>responsum</span> <span class='ocrx_word' id='word_1_52' title='bbox 333 833 396 869; x_wconf 84' lang='lat' dir='ltr'>est</span> <span class='ocrx_word' id='word_1_53' title='bbox 415 842 506 869; x_wconf 90' lang='lat' dir='ltr'>esse</span> <span class='ocrx_word' id='word_1_54' title='bbox 527 842 742 881; x_wconf 81' lang='lat' dir='ltr'>capacem,</span> <span class='ocrx_word' id='word_1_55' title='bbox 766 830 837 870; x_wconf 90' lang='lat' dir='ltr'>sed</span> <span class='ocrx_word' id='word_1_56' title='bbox 857 829 910 870; x_wconf 87' lang='lat' dir='ltr'>ad</span> <span class='ocrx_word' id='word_1_57' title='bbox 930 828 1127 870; x_wconf 85' lang='lat' dir='ltr'>effectum</span> <span class='ocrx_word' id='word_1_58' title='bbox 1151 835 1295 871; x_wconf 86' lang='lat' dir='ltr'>tamen</span> <span class='ocrx_word' id='word_1_59' title='bbox 1316 831 1538 872; x_wconf 86' lang='lat' dir='ltr'>vendendi.</span> 
     </span>
     <span class='ocr_line' id='line_1_9' title="bbox 71 894 324 929; baseline 0.004 -1"><span class='ocrx_word' id='word_1_60' title='bbox 71 897 110 928; x_wconf 78' lang='lat'>12</span> <span class='ocrx_word' id='word_1_61' title='bbox 129 894 208 928; x_wconf 76' lang='lat' dir='ltr'>Iun.</span> <span class='ocrx_word' id='word_1_62' title='bbox 230 898 324 929; x_wconf 79' lang='lat'>1677.</span> 
     </span>
    </p>
   </div>
   <div class='ocr_carea' id='block_1_7' title="bbox 67 1003 1675 1048">
    <p class='ocr_par' dir='ltr' id='par_1_7' title="bbox 67 1003 1675 1048">
     <span class='ocr_line' id='line_1_10' title="bbox 67 1003 1675 1048; baseline 0.002 -12"><span class='ocrx_word' id='word_1_63' title='bbox 67 1003 180 1036; x_wconf 77' lang='lat' dir='ltr'>Anal-</span> <span class='ocrx_word' id='word_1_64' title='bbox 201 1003 299 1037; x_wconf 60' lang='lat' dir='ltr'>luz-is</span> <span class='ocrx_word' id='word_1_65' title='bbox 318 1004 424 1037; x_wconf 82' lang='lat' dir='ltr'>Pont.</span> <span class='ocrx_word' id='word_1_66' title='bbox 451 1005 551 1039; x_wconf 89' lang='lat' dir='ltr'><em>VIII.</em></span> <span class='ocrx_word' id='word_1_67' title='bbox 573 1016 606 1048; x_wconf 85' lang='lat' dir='ltr'>p.</span> <span class='ocrx_word' id='word_1_68' title='bbox 626 1008 701 1039; x_wconf 84' lang='lat'>351.</span> <span class='ocrx_word' id='word_1_69' title='bbox 1416 1005 1565 1040; x_wconf 62' lang='lat' dir='ltr'>Elewcs..</span> <span class='ocrx_word' id='word_1_70' title='bbox 1588 1007 1675 1040; x_wconf 77' lang='grc' dir='ltr'><em>ὸιιῖἰ.</em></span> 
     </span>
    </p>
   </div>
   <div class='ocr_carea' id='block_1_8' title="bbox 67 1130 1650 1471">
    <p class='ocr_par' dir='ltr' id='par_1_8' title="bbox 67 1130 1650 1471">
     <span class='ocr_line' id='line_1_11' title="bbox 151 1130 1645 1186; baseline -0.002 -11"><span class='ocrx_word' id='word_1_71' title='bbox 151 1133 191 1176; x_wconf 82' lang='lat'>5.</span> <span class='ocrx_word' id='word_1_72' title='bbox 225 1130 266 1173; x_wconf 91' lang='lat' dir='ltr'>S.</span> <span class='ocrx_word' id='word_1_73' title='bbox 289 1130 438 1185; x_wconf 86' lang='lat' dir='ltr'>Congr.</span> <span class='ocrx_word' id='word_1_74' title='bbox 475 1132 526 1173; x_wconf 88' lang='lat' dir='ltr'>de</span> <span class='ocrx_word' id='word_1_75' title='bbox 548 1146 664 1186; x_wconf 87' lang='lat' dir='ltr'>prop.</span> <span class='ocrx_word' id='word_1_76' title='bbox 703 1133 799 1174; x_wconf 86' lang='lat' dir='ltr'>fide.</span> <span class='ocrx_word' id='word_1_77' title='bbox 838 1157 865 1162; x_wconf 86' lang='lat'><em>—</em></span> <span class='ocrx_word' id='word_1_78' title='bbox 885 1132 1108 1174; x_wconf 86' lang='lat' dir='ltr'>Decretum</span> <span class='ocrx_word' id='word_1_79' title='bbox 1130 1133 1201 1174; x_wconf 89' lang='lat' dir='ltr'>ubi</span> <span class='ocrx_word' id='word_1_80' title='bbox 1240 1133 1466 1174; x_wconf 87' lang='lat' dir='ltr'>mandatur</span> <span class='ocrx_word' id='word_1_81' title='bbox 1498 1131 1645 1185; x_wconf 84' lang='lat' dir='ltr'>Praep.</span> 
     </span>
     <span class='ocr_line' id='line_1_12' title="bbox 70 1202 1649 1257; baseline -0.001 -14"><span class='ocrx_word' id='word_1_82' title='bbox 70 1202 265 1244; x_wconf 85' lang='lat' dir='ltr'>Generali</span> <span class='ocrx_word' id='word_1_83' title='bbox 281 1217 355 1256; x_wconf 90' lang='lat' dir='ltr'>pro</span> <span class='ocrx_word' id='word_1_84' title='bbox 370 1217 540 1244; x_wconf 88' lang='lat' dir='ltr'>accessu</span> <span class='ocrx_word' id='word_1_85' title='bbox 555 1203 608 1245; x_wconf 90' lang='lat' dir='ltr'>ad</span> <span class='ocrx_word' id='word_1_86' title='bbox 626 1203 785 1245; x_wconf 85' lang='lat' dir='ltr'>Urbem</span> <span class='ocrx_word' id='word_1_87' title='bbox 811 1204 888 1245; x_wconf 80' lang='grc' dir='ltr'>ΡΡ.</span> <span class='ocrx_word' id='word_1_88' title='bbox 910 1204 1059 1257; x_wconf 87' lang='lat' dir='ltr'>Ioseph</span> <span class='ocrx_word' id='word_1_89' title='bbox 1082 1203 1307 1255; x_wconf 89' lang='lat' dir='ltr'>Tissanier‚</span> <span class='ocrx_word' id='word_1_90' title='bbox 1325 1203 1461 1244; x_wconf 89' lang='lat' dir='ltr'>Emm.</span> <span class='ocrx_word' id='word_1_91' title='bbox 1488 1202 1649 1243; x_wconf 88' lang='lat' dir='ltr'>Ferrei-</span> 
     </span>
     <span class='ocr_line' id='line_1_13' title="bbox 70 1274 1646 1328; baseline 0.001 -14"><span class='ocrx_word' id='word_1_92' title='bbox 70 1287 156 1326; x_wconf 88' lang='lat' dir='ltr'>rae,</span> <span class='ocrx_word' id='word_1_93' title='bbox 180 1274 298 1316; x_wconf 91' lang='lat' dir='ltr'>Dom.</span> <span class='ocrx_word' id='word_1_94' title='bbox 325 1274 461 1315; x_wconf 83' lang='lat' dir='ltr'>Fuciti</span> <span class='ocrx_word' id='word_1_95' title='bbox 495 1279 537 1316; x_wconf 87' lang='lat' dir='ltr'>et</span> <span class='ocrx_word' id='word_1_96' title='bbox 557 1274 666 1315; x_wconf 87' lang='lat' dir='ltr'>Phil.</span> <span class='ocrx_word' id='word_1_97' title='bbox 701 1274 853 1315; x_wconf 81' lang='lat' dir='ltr'>Marini</span> <span class='ocrx_word' id='word_1_98' title='bbox 875 1289 898 1316; x_wconf 91' lang='lat' dir='ltr'>e</span> <span class='ocrx_word' id='word_1_99' title='bbox 920 1275 1117 1316; x_wconf 83' lang='lat' dir='ltr'>missione</span> <span class='ocrx_word' id='word_1_100' title='bbox 1152 1274 1377 1328; x_wconf 88' lang='lat' dir='ltr'>Tunchini,</span> <span class='ocrx_word' id='word_1_101' title='bbox 1400 1280 1444 1316; x_wconf 89' lang='lat' dir='ltr'>et</span> <span class='ocrx_word' id='word_1_102' title='bbox 1478 1276 1646 1316; x_wconf 81' lang='lat' dir='ltr'>interim</span> 
     </span>
     <span class='ocr_line' id='line_1_14' title="bbox 69 1346 1646 1400; baseline 0.001 -14"><span class='ocrx_word' id='word_1_103' title='bbox 69 1359 221 1386; x_wconf 90' lang='lat' dir='ltr'>munus</span> <span class='ocrx_word' id='word_1_104' title='bbox 242 1347 492 1387; x_wconf 88' lang='lat' dir='ltr'>missionarii</span> <span class='ocrx_word' id='word_1_105' title='bbox 526 1360 609 1387; x_wconf 87' lang='lat' dir='ltr'>non</span> <span class='ocrx_word' id='word_1_106' title='bbox 641 1353 882 1387; x_wconf 83' lang='lat' dir='ltr'>exerceant.</span> <span class='ocrx_word' id='word_1_107' title='bbox 904 1346 961 1386; x_wconf 78' lang='lat' dir='ltr'>Et</span> <span class='ocrx_word' id='word_1_108' title='bbox 995 1346 1105 1399; x_wconf 84' lang='lat' dir='ltr'>quod</span> <span class='ocrx_word' id='word_1_109' title='bbox 1142 1346 1293 1399; x_wconf 85' lang='lat' dir='ltr'>singuli</span> <span class='ocrx_word' id='word_1_110' title='bbox 1328 1352 1466 1400; x_wconf 84' lang='lat' dir='ltr'>patres</span> <span class='ocrx_word' id='word_1_111' title='bbox 1487 1346 1579 1388; x_wconf 88' lang='lat' dir='ltr'>Soc.</span> <span class='ocrx_word' id='word_1_112' title='bbox 1605 1349 1646 1387; x_wconf 91' lang='lat' dir='ltr'>in</span> 
     </span>
     <span class='ocr_line' id='line_1_15' title="bbox 67 1416 1650 1471; baseline 0.001 -14"><span class='ocrx_word' id='word_1_113' title='bbox 67 1416 258 1469; x_wconf 87' lang='lat' dir='ltr'>partibus</span> <span class='ocrx_word' id='word_1_114' title='bbox 278 1416 436 1458; x_wconf 87' lang='lat' dir='ltr'>Orient.</span> <span class='ocrx_word' id='word_1_115' title='bbox 459 1422 682 1458; x_wconf 87' lang='lat' dir='ltr'>teneantur</span> <span class='ocrx_word' id='word_1_116' title='bbox 702 1419 852 1458; x_wconf 86' lang='lat' dir='ltr'>iuram.</span> <span class='ocrx_word' id='word_1_117' title='bbox 876 1422 1089 1470; x_wconf 77' lang='lat' dir='ltr'>praestare</span> <span class='ocrx_word' id='word_1_118' title='bbox 1113 1419 1228 1458; x_wconf 80' lang='lat' dir='ltr'>iuxta</span> <span class='ocrx_word' id='word_1_119' title='bbox 1259 1417 1499 1469; x_wconf 87' lang='lat' dir='ltr'>formulam,</span> <span class='ocrx_word' id='word_1_120' title='bbox 1525 1425 1650 1471; x_wconf 86' lang='lat' dir='ltr'>prout</span> 
     </span>
    </p>
   </div>
   <div class='ocr_carea' id='block_1_9' title="bbox 66 1488 917 1589">
    <p class='ocr_par' dir='ltr' id='par_1_9' title="bbox 66 1488 917 1589">
     <span class='ocr_line' id='line_1_16' title="bbox 66 1488 917 1542; baseline 0 -14"><span class='ocrx_word' id='word_1_121' title='bbox 66 1488 222 1528; x_wconf 88' lang='lat' dir='ltr'>caeteri</span> <span class='ocrx_word' id='word_1_122' title='bbox 243 1488 470 1542; x_wconf 85' lang='lat' dir='ltr'>regulares,</span> <span class='ocrx_word' id='word_1_123' title='bbox 493 1493 536 1529; x_wconf 79' lang='lat' dir='ltr'>et·</span> <span class='ocrx_word' id='word_1_124' title='bbox 556 1488 641 1529; x_wconf 84' lang='lat' dir='ltr'>alia</span> <span class='ocrx_word' id='word_1_125' title='bbox 662 1488 917 1530; x_wconf 88' lang='lat' dir='ltr'>huiusmodi.</span> 
     </span>
     <span class='ocr_line' id='line_1_17' title="bbox 66 1553 299 1589; baseline -0.009 -1"><span class='ocrx_word' id='word_1_126' title='bbox 66 1556 86 1588; x_wconf 85' lang='lat'><strong>6</strong></span> <span class='ocrx_word' id='word_1_127' title='bbox 104 1553 182 1588; x_wconf 83' lang='lat' dir='ltr'>Oct.</span> <span class='ocrx_word' id='word_1_128' title='bbox 204 1556 299 1589; x_wconf 88' lang='lat'>1677.</span> 
     </span>
    </p>
   </div>
   <div class='ocr_carea' id='block_1_10' title="bbox 1390 1664 1643 1699">
    <p class='ocr_par' dir='ltr' id='par_1_10' title="bbox 1390 1664 1643 1699">
     <span class='ocr_line' id='line_1_18' title="bbox 1390 1664 1643 1699; baseline 0.004 -2"><span class='ocrx_word' id='word_1_129' title='bbox 1390 1664 1538 1698; x_wconf 82' lang='lat' dir='ltr'>Elench.</span> <span class='ocrx_word' id='word_1_130' title='bbox 1557 1664 1643 1699; x_wconf 71' lang='lat' dir='ltr'>balb.</span> 
     </span>
    </p>
   </div>
   <div class='ocr_carea' id='block_1_11' title="bbox 66 1788 1650 2410">
    <p class='ocr_par' dir='ltr' id='par_1_11' title="bbox 66 1788 1650 2410">
     <span class='ocr_line' id='line_1_19' title="bbox 150 1788 1650 1842; baseline 0.001 -12"><span class='ocrx_word' id='word_1_131' title='bbox 150 1791 193 1834; x_wconf 82' lang='grc'>6.</span> <span class='ocrx_word' id='word_1_132' title='bbox 217 1789 267 1830; x_wconf 94' lang='grc' dir='ltr'>Α.</span> <span class='ocrx_word' id='word_1_133' title='bbox 291 1789 337 1831; x_wconf 91' lang='grc' dir='ltr'>Ρ.</span> <span class='ocrx_word' id='word_1_134' title='bbox 363 1788 412 1830; x_wconf 89' lang='lat' dir='ltr'>R.</span> <span class='ocrx_word' id='word_1_135' title='bbox 438 1788 491 1830; x_wconf 92' lang='lat' dir='ltr'>N.</span> <span class='ocrx_word' id='word_1_136' title='bbox 519 1791 625 1828; x_wconf 70' lang='lat' dir='ltr'>Cam</span> <span class='ocrx_word' id='word_1_137' title='bbox 659 1788 770 1828; x_wconf 78' lang='lat' dir='ltr'>haec</span> <span class='ocrx_word' id='word_1_138' title='bbox 801 1791 844 1827; x_wconf 85' lang='lat' dir='ltr'>S.</span> <span class='ocrx_word' id='word_1_139' title='bbox 876 1788 1025 1828; x_wconf 73' lang='lat' dir='ltr'>Sedes.</span> <span class='ocrx_word' id='word_1_140' title='bbox 1049 1814 1074 1819; x_wconf 97' lang='lat'>-</span> <span class='ocrx_word' id='word_1_141' title='bbox 1090 1789 1183 1831; x_wconf 89' lang='lat' dir='ltr'>Inu.</span> <span class='ocrx_word' id='word_1_142' title='bbox 1204 1790 1278 1842; x_wconf 90' lang='lat' dir='ltr'>XI,</span> <span class='ocrx_word' id='word_1_143' title='bbox 1303 1790 1576 1831; x_wconf 81' lang='lat' dir='ltr'>divisionibus</span> <span class='ocrx_word' id='word_1_144' title='bbox 1597 1804 1650 1831; x_wconf 85' lang='lat' dir='ltr'>ex</span> 
     </span>
     <span class='ocr_line' id='line_1_20' title="bbox 66 1860 1650 1914; baseline 0.001 -14"><span class='ocrx_word' id='word_1_145' title='bbox 66 1861 324 1912; x_wconf 89' lang='lat' dir='ltr'>oppositione</span> <span class='ocrx_word' id='word_1_146' title='bbox 372 1860 571 1901; x_wconf 88' lang='lat' dir='ltr'>adversus</span> <span class='ocrx_word' id='word_1_147' title='bbox 617 1861 794 1900; x_wconf 80' lang='lat' dir='ltr'>vicarios</span> <span class='ocrx_word' id='word_1_148' title='bbox 847 1867 1001 1913; x_wconf 88' lang='lat' dir='ltr'>apost.,</span> <span class='ocrx_word' id='word_1_149' title='bbox 1044 1874 1272 1914; x_wconf 84' lang='lat' dir='ltr'>eorumque</span> <span class='ocrx_word' id='word_1_150' title='bbox 1313 1862 1567 1914; x_wconf 87' lang='lat' dir='ltr'>provicarios</span> <span class='ocrx_word' id='word_1_151' title='bbox 1608 1867 1650 1902; x_wconf 88' lang='lat' dir='ltr'>et</span> 
     </span>
     <span class='ocr_line' id='line_1_21' title="bbox 68 1930 1643 1984; baseline 0.001 -14"><span class='ocrx_word' id='word_1_152' title='bbox 68 1931 281 1972; x_wconf 89' lang='lat' dir='ltr'>ministros</span> <span class='ocrx_word' id='word_1_153' title='bbox 301 1932 345 1971; x_wconf 90' lang='lat' dir='ltr'>in</span> <span class='ocrx_word' id='word_1_154' title='bbox 366 1930 506 1983; x_wconf 82' lang='lat' dir='ltr'>Syriis,</span> <span class='ocrx_word' id='word_1_155' title='bbox 530 1930 562 1971; x_wconf 82' lang='lat' dir='ltr'>T</span> <span class='ocrx_word' id='word_1_156' title='bbox 567 1931 748 1972; x_wconf 89' lang='lat' dir='ltr'>unchino</span> <span class='ocrx_word' id='word_1_157' title='bbox 783 1937 860 1972; x_wconf 89' lang='lat' dir='ltr'>etc.</span> <span class='ocrx_word' id='word_1_158' title='bbox 885 1932 986 1972; x_wconf 86' lang='lat' dir='ltr'>ortis</span> <span class='ocrx_word' id='word_1_159' title='bbox 1007 1945 1103 1972; x_wconf 92' lang='lat' dir='ltr'>cum</span> <span class='ocrx_word' id='word_1_160' title='bbox 1140 1932 1350 1984; x_wconf 84' lang='lat' dir='ltr'>religionis</span> <span class='ocrx_word' id='word_1_161' title='bbox 1390 1932 1643 1973; x_wconf 87' lang='lat' dir='ltr'>detrimento</span> 
     </span>
     <span class='ocr_line' id='line_1_22' title="bbox 69 2002 1649 2055; baseline 0.001 -13"><span class='ocrx_word' id='word_1_162' title='bbox 69 2002 227 2043; x_wconf 86' lang='lat' dir='ltr'>mederi</span> <span class='ocrx_word' id='word_1_163' title='bbox 256 2003 444 2055; x_wconf 90' lang='lat' dir='ltr'>cupiens,</span> <span class='ocrx_word' id='word_1_164' title='bbox 468 2002 643 2044; x_wconf 87' lang='lat' dir='ltr'>Romam</span> <span class='ocrx_word' id='word_1_165' title='bbox 673 2003 873 2044; x_wconf 82' lang='lat' dir='ltr'>accedere</span> <span class='ocrx_word' id='word_1_166' title='bbox 891 2003 1008 2044; x_wconf 86' lang='lat' dir='ltr'>iubet</span> <span class='ocrx_word' id='word_1_167' title='bbox 1027 2002 1108 2044; x_wconf 89' lang='lat' dir='ltr'>Ios.</span> <span class='ocrx_word' id='word_1_168' title='bbox 1135 2003 1366 2055; x_wconf 87' lang='lat' dir='ltr'>Tessavier,</span> <span class='ocrx_word' id='word_1_169' title='bbox 1390 2003 1527 2044; x_wconf 89' lang='lat' dir='ltr'>Emm.</span> <span class='ocrx_word' id='word_1_170' title='bbox 1552 2003 1649 2044; x_wconf 87' lang='lat' dir='ltr'>Fer-</span> 
     </span>
     <span class='ocr_line' id='line_1_23' title="bbox 69 2070 1649 2127; baseline 0.002 -14"><span class='ocrx_word' id='word_1_171' title='bbox 69 2085 176 2125; x_wconf 87' lang='lat' dir='ltr'>rere,</span> <span class='ocrx_word' id='word_1_172' title='bbox 195 2073 315 2115; x_wconf 88' lang='lat' dir='ltr'>Dom.</span> <span class='ocrx_word' id='word_1_173' title='bbox 333 2073 543 2126; x_wconf 88' lang='lat' dir='ltr'>Fucitum,</span> <span class='ocrx_word' id='word_1_174' title='bbox 561 2073 638 2115; x_wconf 89' lang='lat' dir='ltr'>Ph.</span> <span class='ocrx_word' id='word_1_175' title='bbox 659 2070 881 2125; x_wconf 87' lang='lat' dir='ltr'>Marinum,</span> <span class='ocrx_word' id='word_1_176' title='bbox 900 2073 973 2114; x_wconf 72' lang='lat' dir='ltr'>Thv</span> <span class='ocrx_word' id='word_1_177' title='bbox 1003 2073 1285 2127; x_wconf 82' lang='lat' dir='ltr'>Valgarveira,</span> <span class='ocrx_word' id='word_1_178' title='bbox 1303 2074 1383 2115; x_wconf 83' lang='lat' dir='ltr'>Ios.</span> <span class='ocrx_word' id='word_1_179' title='bbox 1403 2075 1649 2116; x_wconf 87' lang='lat' dir='ltr'>Candonum</span> 
     </span>
     <span class='ocr_line' id='line_1_24' title="bbox 68 2143 1648 2198; baseline 0 -12"><span class='ocrx_word' id='word_1_180' title='bbox 68 2148 110 2186; x_wconf 85' lang='lat' dir='ltr'>et</span> <span class='ocrx_word' id='word_1_181' title='bbox 130 2143 275 2186; x_wconf 89' lang='lat' dir='ltr'>Barth.</span> <span class='ocrx_word' id='word_1_182' title='bbox 307 2158 333 2186; x_wconf 88' lang='lat' dir='ltr'>a</span> <span class='ocrx_word' id='word_1_183' title='bbox 362 2143 486 2186; x_wconf 89' lang='lat' dir='ltr'>Costa</span> <span class='ocrx_word' id='word_1_184' title='bbox 514 2143 653 2198; x_wconf 88' lang='lat' dir='ltr'>presb.</span> <span class='ocrx_word' id='word_1_185' title='bbox 684 2157 767 2197; x_wconf 85' lang='lat' dir='ltr'>reg.</span> <span class='ocrx_word' id='word_1_186' title='bbox 802 2144 843 2185; x_wconf 89' lang='lat' dir='ltr'>S.</span> <span class='ocrx_word' id='word_1_187' title='bbox 876 2143 911 2185; x_wconf 88' lang='grc' dir='ltr'>Ι.</span> <span class='ocrx_word' id='word_1_188' title='bbox 946 2158 1022 2185; x_wconf 92' lang='lat' dir='ltr'>nec</span> <span class='ocrx_word' id='word_1_189' title='bbox 1052 2158 1078 2185; x_wconf 90' lang='lat' dir='ltr'>a</span> <span class='ocrx_word' id='word_1_190' title='bbox 1108 2145 1175 2186; x_wconf 89' lang='lat' dir='ltr'>die</span> <span class='ocrx_word' id='word_1_191' title='bbox 1207 2145 1484 2186; x_wconf 84' lang='lat' dir='ltr'>intimationis</span> <span class='ocrx_word' id='word_1_192' title='bbox 1513 2146 1648 2186; x_wconf 91' lang='lat' dir='ltr'>ullum</span> 
     </span>
     <span class='ocr_line' id='line_1_25' title="bbox 66 2214 1648 2268; baseline 0.002 -13"><span class='ocrx_word' id='word_1_193' title='bbox 66 2228 217 2256; x_wconf 89' lang='lat' dir='ltr'>munus</span> <span class='ocrx_word' id='word_1_194' title='bbox 238 2216 491 2257; x_wconf 90' lang='lat' dir='ltr'>missionarii</span> <span class='ocrx_word' id='word_1_195' title='bbox 511 2229 739 2257; x_wconf 82' lang='lat' dir='ltr'>exercere..</span> <span class='ocrx_word' id='word_1_196' title='bbox 758 2215 967 2268; x_wconf 86' lang='lat' dir='ltr'>Praecipit</span> <span class='ocrx_word' id='word_1_197' title='bbox 990 2214 1229 2268; x_wconf 85' lang='lat' dir='ltr'>Praeposito</span> <span class='ocrx_word' id='word_1_198' title='bbox 1251 2215 1354 2257; x_wconf 86' lang='lat' dir='ltr'>Gen.</span> <span class='ocrx_word' id='word_1_199' title='bbox 1376 2215 1417 2257; x_wconf 91' lang='lat' dir='ltr'>S.</span> <span class='ocrx_word' id='word_1_200' title='bbox 1437 2215 1469 2256; x_wconf 94' lang='lat' dir='ltr'>I.</span> <span class='ocrx_word' id='word_1_201' title='bbox 1494 2222 1536 2256; x_wconf 81' lang='lat' dir='ltr'>ut</span> <span class='ocrx_word' id='word_1_202' title='bbox 1559 2216 1648 2258; x_wconf 89' lang='lat' dir='ltr'>loco</span> 
     </span>
     <span class='ocr_line' id='line_1_26' title="bbox 70 2286 1649 2340; baseline 0.001 -14"><span class='ocrx_word' id='word_1_203' title='bbox 70 2299 215 2327; x_wconf 87' lang='lat' dir='ltr'>eorum</span> <span class='ocrx_word' id='word_1_204' title='bbox 234 2287 341 2328; x_wconf 92' lang='lat' dir='ltr'>alios</span> <span class='ocrx_word' id='word_1_205' title='bbox 362 2287 547 2339; x_wconf 84' lang='lat' dir='ltr'>deputet,</span> <span class='ocrx_word' id='word_1_206' title='bbox 569 2288 656 2340; x_wconf 83' lang='lat' dir='ltr'>qui,</span> <span class='ocrx_word' id='word_1_207' title='bbox 675 2288 782 2327; x_wconf 86' lang='lat' dir='ltr'>sicut</span> <span class='ocrx_word' id='word_1_208' title='bbox 811 2291 853 2327; x_wconf 87' lang='lat' dir='ltr'>et</span> <span class='ocrx_word' id='word_1_209' title='bbox 874 2286 948 2326; x_wconf 91' lang='lat' dir='ltr'>alii</span> <span class='ocrx_word' id='word_1_210' title='bbox 979 2286 1151 2339; x_wconf 86' lang='lat' dir='ltr'>posthac</span> <span class='ocrx_word' id='word_1_211' title='bbox 1173 2287 1418 2339; x_wconf 86' lang='lat' dir='ltr'>deputandi,</span> <span class='ocrx_word' id='word_1_212' title='bbox 1442 2289 1649 2328; x_wconf 78' lang='lat' dir='ltr'>iuramen-</span> 
     </span>
     <span class='ocr_line' id='line_1_27' title="bbox 69 2357 1646 2410; baseline 0.001 -14"><span class='ocrx_word' id='word_1_213' title='bbox 69 2361 159 2397; x_wconf 89' lang='lat' dir='ltr'>tum</span> <span class='ocrx_word' id='word_1_214' title='bbox 180 2363 394 2410; x_wconf 84' lang='lat' dir='ltr'>praestent</span> <span class='ocrx_word' id='word_1_215' title='bbox 413 2362 456 2398; x_wconf 85' lang='lat' dir='ltr'>et</span> <span class='ocrx_word' id='word_1_216' title='bbox 476 2357 754 2407; x_wconf 85' lang='lat' dir='ltr'>subscribant,</span> <span class='ocrx_word' id='word_1_217' title='bbox 776 2357 925 2398; x_wconf 86' lang='lat' dir='ltr'>litteris</span> <span class='ocrx_word' id='word_1_218' title='bbox 946 2357 1235 2410; x_wconf 85' lang='lat' dir='ltr'>praesentibus</span> <span class='ocrx_word' id='word_1_219' title='bbox 1257 2358 1478 2410; x_wconf 82' lang='lat' dir='ltr'>insertum,</span> <span class='ocrx_word' id='word_1_220' title='bbox 1502 2358 1646 2398; x_wconf 88' lang='lat' dir='ltr'>subor-</span> 
     </span>
    </p>
   </div>
   <div class='ocr_carea' id='block_1_12' title="bbox 66 2427 892 2537">
    <p class='ocr_par' dir='ltr' id='par_1_12' title="bbox 66 2427 892 2537">
     <span class='ocr_line' id='line_1_28' title="bbox 71 2427 732 2481; baseline 0.002 -13"><span class='ocrx_word' id='word_1_221' title='bbox 71 2427 296 2469; x_wconf 86' lang='lat' dir='ltr'>dinationis</span> <span class='ocrx_word' id='word_1_222' title='bbox 316 2442 414 2481; x_wconf 84' lang='lat' dir='ltr'>erga</span> <span class='ocrx_word' id='word_1_223' title='bbox 435 2428 502 2469; x_wconf 87' lang='lat' dir='ltr'>dd.</span> <span class='ocrx_word' id='word_1_224' title='bbox 530 2427 732 2469; x_wconf 79' lang='lat' dir='ltr'>vicarios.</span> 
     </span>
     <span class='ocr_line' id='line_1_29' title="bbox 66 2493 892 2537; baseline 0.001 -9"><span class='ocrx_word' id='word_1_225' title='bbox 66 2493 110 2528; x_wconf 81' lang='lat' dir='ltr'>R.</span> <span class='ocrx_word' id='word_1_226' title='bbox 130 2505 188 2537; x_wconf 86' lang='lat' dir='ltr'>ap.</span> <span class='ocrx_word' id='word_1_227' title='bbox 209 2494 244 2528; x_wconf 88' lang='lat' dir='ltr'>S.</span> <span class='ocrx_word' id='word_1_228' title='bbox 267 2495 313 2528; x_wconf 89' lang='lat' dir='ltr'>M.</span> <span class='ocrx_word' id='word_1_229' title='bbox 335 2495 384 2530; x_wconf 92' lang='grc' dir='ltr'>Μ.</span> <span class='ocrx_word' id='word_1_230' title='bbox 407 2495 438 2528; x_wconf 89' lang='lat' dir='ltr'>X</span> <span class='ocrx_word' id='word_1_231' title='bbox 458 2495 537 2528; x_wconf 78' lang='lat' dir='ltr'>Oct-</span> <span class='ocrx_word' id='word_1_232' title='bbox 559 2497 642 2530; x_wconf 74' lang='lat'>1677</span> <span class='ocrx_word' id='word_1_233' title='bbox 659 2495 700 2529; x_wconf 92' lang='lat' dir='ltr'>P.</span> <span class='ocrx_word' id='word_1_234' title='bbox 721 2506 779 2528; x_wconf 77' lang='lat' dir='ltr'>an.</span> <span class='ocrx_word' id='word_1_235' title='bbox 802 2495 865 2529; x_wconf 87' lang='lat'>111.</span> <span class='ocrx_word' id='word_1_236' title='bbox 886 2513 892 2517; x_wconf 94' lang='lat'>·</span> 
     </span>
    </p>
   </div>
   <div class='ocr_carea' id='block_1_13' title="bbox 70 2617 938 2662">
    <p class='ocr_par' dir='ltr' id='par_1_13' title="bbox 70 2617 938 2662">
     <span class='ocr_line' id='line_1_30' title="bbox 70 2617 938 2662; baseline -0.003 -10"><span class='ocrx_word' id='word_1_237' title='bbox 70 2619 169 2653; x_wconf 62' lang='lat' dir='ltr'>Ball.</span> <span class='ocrx_word' id='word_1_238' title='bbox 189 2620 293 2654; x_wconf 80' lang='lat' dir='ltr'>Rom.</span> <span class='ocrx_word' id='word_1_239' title='bbox 313 2638 353 2644; x_wconf 95' lang='lat'>—</span> <span class='ocrx_word' id='word_1_240' title='bbox 375 2619 472 2653; x_wconf 69' lang='lat' dir='ltr'>Ball.</span> <span class='ocrx_word' id='word_1_241' title='bbox 492 2621 535 2652; x_wconf 84' lang='lat' dir='ltr'>de</span> <span class='ocrx_word' id='word_1_242' title='bbox 546 2629 705 2662; x_wconf 69' lang='lat' dir='ltr'>propay.</span> <span class='ocrx_word' id='word_1_243' title='bbox 724 2618 798 2661; x_wconf 78' lang='lat' dir='ltr'>fide</span> <span class='ocrx_word' id='word_1_244' title='bbox 814 2617 865 2651; x_wconf 90' lang='lat' dir='ltr'>II.</span> <span class='ocrx_word' id='word_1_245' title='bbox 886 2619 938 2651; x_wconf 84' lang='lat'>15.</span> 
     </span>
    </p>
   </div>
   <div class='ocr_carea' id='block_1_14' title="bbox 66 2740 1653 3143">
    <p class='ocr_par' dir='ltr' id='par_1_14' title="bbox 66 2740 1653 3084">
     <span class='ocr_line' id='line_1_31' title="bbox 152 2740 1647 2798; baseline -0.003 -7"><span class='ocrx_word' id='word_1_246' title='bbox 152 2747 193 2790; x_wconf 89' lang='grc'>7.</span> <span class='ocrx_word' id='word_1_247' title='bbox 226 2752 298 2789; x_wconf 68' lang='lat' dir='ltr'>Em</span> <span class='ocrx_word' id='word_1_248' title='bbox 317 2752 519 2790; x_wconf 70' lang='lat' dir='ltr'>im&#39;wwlo</span> <span class='ocrx_word' id='word_1_249' title='bbox 539 2748 681 2790; x_wconf 75' lang='lat' dir='ltr'>nobis.</span> <span class='ocrx_word' id='word_1_250' title='bbox 704 2766 731 2773; x_wconf 89' lang='lat'>-</span> <span class='ocrx_word' id='word_1_251' title='bbox 750 2741 895 2783; x_wconf 89' lang='lat' dir='ltr'>Innoc.</span> <span class='ocrx_word' id='word_1_252' title='bbox 928 2740 1005 2796; x_wconf 87' lang='lat' dir='ltr'>XI,</span> <span class='ocrx_word' id='word_1_253' title='bbox 1029 2745 1168 2786; x_wconf 79' lang='lat' dir='ltr'>citatis</span> <span class='ocrx_word' id='word_1_254' title='bbox 1203 2744 1284 2786; x_wconf 80' lang='lat' dir='ltr'>litt.</span> <span class='ocrx_word' id='word_1_255' title='bbox 1310 2744 1432 2786; x_wconf 82' lang='lat' dir='ltr'>Pauli</span> <span class='ocrx_word' id='word_1_256' title='bbox 1454 2745 1512 2798; x_wconf 89' lang='lat' dir='ltr'>II,</span> <span class='ocrx_word' id='word_1_257' title='bbox 1540 2750 1647 2788; x_wconf 65' lang='lat' dir='ltr'>Cum</span> 
     </span>
     <span class='ocr_line' id='line_1_32' title="bbox 69 2815 1645 2870; baseline 0.001 -15"><span class='ocrx_word' id='word_1_258' title='bbox 69 2818 117 2855; x_wconf 66' lang='grc' dir='ltr'>τη</span> <span class='ocrx_word' id='word_1_259' title='bbox 137 2815 567 2868; x_wconf 71' lang='lat' dir='ltr'>ommbusz‘udz&#39;cz&#39;z&#39;s,</span> <span class='ocrx_word' id='word_1_260' title='bbox 600 2818 721 2868; x_wconf 83' lang='lat'>1465,</span> <span class='ocrx_word' id='word_1_261' title='bbox 758 2815 794 2857; x_wconf 96' lang='lat' dir='ltr'><strong>V</strong></span> <span class='ocrx_word' id='word_1_262' title='bbox 829 2816 886 2856; x_wconf 88' lang='lat' dir='ltr'>id.</span> <span class='ocrx_word' id='word_1_263' title='bbox 923 2815 1041 2868; x_wconf 90' lang='lat' dir='ltr'>Maii,</span> <span class='ocrx_word' id='word_1_264' title='bbox 1078 2816 1317 2868; x_wconf 85' lang='lat' dir='ltr'>petentibus</span> <span class='ocrx_word' id='word_1_265' title='bbox 1353 2816 1568 2870; x_wconf 85' lang='lat' dir='ltr'>deputatis</span> <span class='ocrx_word' id='word_1_266' title='bbox 1603 2821 1645 2858; x_wconf 77' lang='lat' dir='ltr'>et</span> 
     </span>
     <span class='ocr_line' id='line_1_33' title="bbox 66 2886 1653 2940; baseline -0.001 -11"><span class='ocrx_word' id='word_1_267' title='bbox 66 2886 475 2929; x_wconf 86' lang='lat' dir='ltr'>administratoribus</span> <span class='ocrx_word' id='word_1_268' title='bbox 507 2887 727 2940; x_wconf 87' lang='lat' dir='ltr'>hospitalis</span> <span class='ocrx_word' id='word_1_269' title='bbox 761 2886 803 2928; x_wconf 78' lang='lat' dir='ltr'>S.</span> <span class='ocrx_word' id='word_1_270' title='bbox 830 2887 974 2928; x_wconf 84' lang='lat' dir='ltr'>Annae</span> <span class='ocrx_word' id='word_1_271' title='bbox 1009 2887 1086 2927; x_wconf 81' lang='lat' dir='ltr'>civ.</span> <span class='ocrx_word' id='word_1_272' title='bbox 1111 2886 1345 2928; x_wconf 87' lang='lat' dir='ltr'>Ferrarien.</span> <span class='ocrx_word' id='word_1_273' title='bbox 1371 2891 1413 2928; x_wconf 85' lang='lat' dir='ltr'>et</span> <span class='ocrx_word' id='word_1_274' title='bbox 1454 2887 1653 2940; x_wconf 88' lang='lat' dir='ltr'>patribus</span> 
     </span>
     <span class='ocr_line' id='line_1_34' title="bbox 67 2958 1643 3011; baseline 0 -11"><span class='ocrx_word' id='word_1_275' title='bbox 67 2959 214 3001; x_wconf 90' lang='lat' dir='ltr'>domus</span> <span class='ocrx_word' id='word_1_276' title='bbox 247 2959 287 3001; x_wconf 88' lang='lat' dir='ltr'>S.</span> <span class='ocrx_word' id='word_1_277' title='bbox 309 2959 346 3001; x_wconf 92' lang='grc' dir='ltr'>Ι.</span> <span class='ocrx_word' id='word_1_278' title='bbox 367 2959 554 3000; x_wconf 87' lang='lat' dir='ltr'>eiusdem</span> <span class='ocrx_word' id='word_1_279' title='bbox 574 2959 672 3010; x_wconf 85' lang='lat' dir='ltr'>civ.,</span> <span class='ocrx_word' id='word_1_280' title='bbox 696 2958 868 2999; x_wconf 85' lang='lat' dir='ltr'>mandat</span> <span class='ocrx_word' id='word_1_281' title='bbox 901 2959 979 2998; x_wconf 82' lang='lat' dir='ltr'>vie.</span> <span class='ocrx_word' id='word_1_282' title='bbox 1002 2971 1095 3010; x_wconf 84' lang='lat' dir='ltr'>gen.</span> <span class='ocrx_word' id='word_1_283' title='bbox 1129 2959 1316 3011; x_wconf 87' lang='lat' dir='ltr'>episcopi</span> <span class='ocrx_word' id='word_1_284' title='bbox 1338 2958 1574 3000; x_wconf 87' lang='lat' dir='ltr'>Ferrarien.</span> <span class='ocrx_word' id='word_1_285' title='bbox 1601 2963 1643 3000; x_wconf 88' lang='lat' dir='ltr'>et</span> 
     </span>
     <span class='ocr_line' id='line_1_35' title="bbox 66 3028 1643 3084; baseline -0.001 -12"><span class='ocrx_word' id='word_1_286' title='bbox 66 3030 323 3084; x_wconf 85' lang='lat' dir='ltr'>archipresb.</span> <span class='ocrx_word' id='word_1_287' title='bbox 354 3030 456 3071; x_wconf 91' lang='lat' dir='ltr'>eccl.</span> <span class='ocrx_word' id='word_1_288' title='bbox 494 3029 727 3071; x_wconf 87' lang='lat' dir='ltr'>Ferrarien.</span> <span class='ocrx_word' id='word_1_289' title='bbox 752 3033 799 3070; x_wconf 88' lang='lat' dir='ltr'>ut</span> <span class='ocrx_word' id='word_1_290' title='bbox 831 3028 1062 3071; x_wconf 88' lang='lat' dir='ltr'>concedant</span> <span class='ocrx_word' id='word_1_291' title='bbox 1099 3029 1311 3071; x_wconf 90' lang='lat' dir='ltr'>licentiam</span> <span class='ocrx_word' id='word_1_292' title='bbox 1334 3029 1374 3071; x_wconf 90' lang='lat' dir='ltr'>d.</span> <span class='ocrx_word' id='word_1_293' title='bbox 1399 3029 1516 3083; x_wconf 90' lang='lat' dir='ltr'>hosp.</span> <span class='ocrx_word' id='word_1_294' title='bbox 1542 3043 1643 3071; x_wconf 86' lang='lat' dir='ltr'>ven-</span> 
     </span>
    </p>

    <p class='ocr_par' dir='ltr' id='par_1_15' title="bbox 1542 3111 1584 3143">
     <span class='ocr_line' id='line_1_36' title="bbox 1542 3111 1584 3143; baseline 0 0"><span class='ocrx_word' id='word_1_295' title='bbox 1542 3111 1584 3143; x_wconf 82' lang='lat'>26</span> 
     </span>
    </p>
   </div>
  </div>
 </body>
</html>
