1989 3252
321 213 463 257 clem.
488 211 574 255 lx.
951 191 956 194 ’
993 236 1047 241 -
1076 212 1155 253 386
1186 236 1241 242 -
1772 212 1899 256 1569.

314 298 538 339 Marianna
572 297 623 339 de
661 299 830 339 Austria
860 298 980 352 Hisp.
1016 300 1160 352 regina
1189 299 1483 351 gubernatrice
1514 311 1588 351 pro
1618 300 1644 339 2
1677 297 1904 339 lectoribus

315 370 354 411 d.
374 370 416 411 S.
434 369 647 422 fundatas,
667 370 897 411 secundum
914 376 1084 424 pactum
1103 371 1211 411 inter
1235 370 1436 412 Ioannem
1458 368 1769 411 deValenzuela
1785 383 1900 423 prOV.

315 440 543 482 Toletanae
561 441 860 494 provincialem
882 447 925 483 et
946 441 986 483 d.
1010 442 1346 494 universitatem,
1371 441 1606 483 confirmat.

314 507 357 542 R.
376 517 434 550 ap.
452 507 487 541 S.
507 508 557 543 M.
579 507 628 541 M.
649 507 681 542 V
700 507 774 542 kal.
796 508 889 551 Aug.
913 510 996 543 1668
1015 508 1056 542 Ρ.
1077 519 1136 541 an.
1156 508 1200 543 Π.

1375 611 1476 672 ’Κεφ
1497 629 1584 664 bun.
1612 630 1669 664 VJ.
1694 632 1845 665 195-198.
1869 630 1903 664 b.

399 751 466 794 10.
501 748 551 790 A.
575 748 624 790 P.
647 748 697 789 R.
722 748 780 791 M.
805 752 1142 805 Religiosowum
1166 754 1387 793 virorum.
1415 774 1441 779 —
1470 748 1599 790 Clem.
1633 749 1709 801 IX,
1738 754 1906 803 petente

318 834 372 862 ex
392 820 561 862 decreto
583 819 732 873 Congr.
756 834 835 873 gen
856 820 897 862 S.
922 820 957 862 I.
982 822 1082 861 anui
1111 823 1212 861 1661
1245 821 1403 862 Ioanne
1440 821 1571 862 Paulo
1602 820 1722 861 Oliva
1756 821 1903 875 Praep.

317 892 424 934 Gen.
448 892 488 933 d.
513 891 574 944 S.,
598 892 723 933 breve
744 891 888 933 Innoc.
913 891 951 932 X
972 892 1013 934 d.
1040 894 1058 932 1
1083 892 1173 933 Ian.
1200 894 1304 933 1646
1343 892 1434 941 (cfr.
1469 906 1511 932 n.
1545 894 1586 943 9)
1617 892 1668 933 de
1699 891 1902 945 Congreg.

317 976 409 1016 gen.
435 963 474 1004 d.
499 962 542 1005 S.
560 964 708 1017 quovis
729 963 934 1004 novennio
955 963 1206 1004 celebranda
1227 962 1447 1016 suspendit
1467 967 1508 1003 et
1530 963 1573 1003 in
1589 963 1782 1016 proxima
1798 963 1837 1004 d.
1863 963 1904 1004 S.

317 1034 647 1089 Congregatione
668 1035 719 1077 de
740 1036 1054 1088 opportunitate
1076 1035 1360 1088 abrogationis
1382 1035 1540 1090 inquiri
1560 1035 1694 1076 iubet.

317 1102 362 1137 R.
382 1113 440 1145 ap.
461 1103 496 1135 S.
518 1103 566 1136 M.
587 1102 637 1136 Μ.
657 1102 728 1137 XX
746 1102 844 1144 Sept.
867 1105 951 1137 1668
969 1102 1011 1136 Ρ.
1032 1102 1155 1136 an.11.

323 1223 426 1256 Ball.
445 1222 552 1258 Rom.
573 1241 614 1246 —
630 1221 725 1256 Nov.
746 1221 834 1256 bun.
854 1222 889 1255 S.
907 1221 937 1256 I.
959 1224 1034 1256 192.
1391 1271 1395 1274 γ
1640 1222 1794 1257 Elench.
1820 1223 1907 1256 bull.

402 1348 470 1390 11.
504 1348 690 1401 Εασροηέ
717 1347 847 1389 nobis
874 1360 1036 1401 nuper.
1067 1369 1093 1374 —
1123 1342 1253 1386 Clem.
1287 1343 1363 1396 IX,
1400 1348 1569 1397 petente
1605 1343 1754 1397 Praep.
1793 1357 1908 1397 prOV.

320 1431 434 1472 prov.
461 1417 705 1458 Lusitaniae
727 1416 767 1458 S.
793 1416 847 1468 I.,
871 1416 1045 1458 mandat
1065 1416 1220 1457 vicario
1251 1429 1344 1469 cap.
1369 1415 1472 1456 eccl.
1505 1414 1783 1468 Ulixbonen.‚
1815 1415 1913 1457 sede

318 1488 666 1542 archiepiscopali
692 1492 886 1540 vacante,
918 1492 966 1529 ut
996 1488 1215 1539 salarium,
1248 1487 1415 1528 cuidam
1446 1486 1587 1528 Blasio
1618 1487 1711 1528 Diei
1742 1488 1784 1528 in
1814 1501 1910 1541 opp.

319 1559 585 1602 Cetobricen.
610 1559 742 1601 dioec.
769 1559 1024 1601 Ulixbonen.
1049 1559 1207 1600 latinae
1226 1559 1395 1612 linguae
1416 1560 1680 1612 praeceptori
1711 1572 1736 1599 a
1763 1558 1914 1612 Magno

319 1631 432 1685 Mag.
457 1631 635 1673 militiae
656 1630 697 1673 S.
720 1630 865 1673 Iacobi
886 1631 936 1673 de
957 1630 1120 1684 Spatha
1141 1644 1194 1672 ex
1214 1630 1449 1672 redditibus
1470 1644 1640 1671 mensae
1660 1631 1913 1683 magistralis

318 1717 578 1756 concessum,
603 1707 645 1744 et
664 1703 747 1744 litt.
772 1705 824 1745 25
849 1703 974 1745 Mart.
1001 1704 1105 1744 1658
1132 1702 1185 1743 ab
1207 1701 1355 1743 eodem
1384 1701 1547 1743 clericis
1579 1715 1665 1755 reg.
1688 1701 1730 1743 S.
1754 1701 1789 1743 I.
1813 1708 1913 1743 tunc

320 1790 474 1817 novum
494 1774 553 1815 ibi
583 1774 676 1834 coll.
710 1774 1003 1816 extruentibus
1033 1774 1087 1815 ad
1117 1775 1370 1815 novennium
1401 1787 1660 1826 concessum,
1694 1774 1736 1814 in
1766 1787 1908 1826 perpe—

319 1852 441 1888 tuum
463 1846 503 1888 d.
528 1846 704 1899 collegio
727 1846 926 1900 applicet.

325 1914 367 1948 R.
386 1924 443 1956 ap.
465 1913 501 1948 S.
522 1914 571 1948 M.
592 1913 641 1946 M.
662 1913 733 1947 XII
754 1913 841 1947 Nov.
860 1915 944 1947 1668
964 1913 1004 1946 Ρ.
1024 1923 1082 1946 an.
1102 1912 1145 1947 Π.

1529 2021 1613 2065 Rey.
1634 2022 1725 2056 buil.
1753 2021 1809 2055 VI.
1835 2022 1907 2056 189.

403 2155 472 2200 12.
505 2154 1020 2210 Elrpovez'nohz'suuper.
1056 2174 1082 2181 ——
1125 2148 1355 2191 Clementis
1395 2148 1455 2190 IX
1494 2149 1620 2191 breve
1660 2149 1713 2190 ad
1762 2148 1907 2190 loann.

321 2224 501 2267 Paulum
523 2225 643 2266 Oliva
665 2223 813 2276 Praep.
838 2222 943 2264 Gen.
976 2222 1017 2264 S.
1042 2222 1076 2264 I.
1102 2227 1149 2262 ut
1168 2222 1339 2263 Petrum
1361 2221 1521 2262 Barseli
1552 2220 1909 2272 Mirandulanum,

322 2299 394 2352 qui
426 2299 478 2339 14
507 2298 607 2338 circ.
644 2297 766 2337 annis
801 2296 844 2336 in
879 2295 920 2336 S.
960 2294 994 2335 Ι.
1033 2295 1156 2346 vixit,
1189 2293 1300 2346 dein,
1325 2293 1486 2335 detecto
1508 2293 1807 2345 impedimento
1838 2306 1913 2345 per

322 2368 572 2411 Generalem
603 2366 924 2420 indispensabili
954 2366 1065 2420 quod
1092 2380 1165 2420 per
1195 2366 1351 2406 lineam
1377 2370 1610 2406 maternam
1631 2364 1684 2405 ab
1716 2364 1911 2405 hebraeis

322 2440 602 2493 descenderit,
626 2439 821 2480 dimissus
843 2442 922 2490 est,
946 2439 1098 2479 iterum
1121 2451 1195 2490 pro
1218 2451 1291 2477 suo
1314 2436 1487 2477 arbitrio
1510 2437 1552 2476 in
1573 2435 1664 2478 Soc.
1689 2436 1881 2488 recipiat.

322 2510 343 2543 8
359 2508 437 2544 Ian.
459 2510 553 2542 1669.

1651 2612 1801 2647 Elencli.
1821 2612 1910 2647 bun.

404 2740 475 2784 13.
506 2737 557 2780 A.
581 2736 627 2778 F.
659 2736 709 2779 R.
745 2736 802 2778 M.
828 2743 1109 2780 Animarum
1145 2739 1296 2779 saluti.
1330 2759 1357 2765 -
1386 2734 1518 2775 Clem.
1550 2732 1611 2774 IX
1647 2732 1911 2786 supplicante

324 2807 359 2850 Ι.
378 2807 426 2851 Ρ.
446 2808 567 2849 Oliva
582 2808 733 2862 Praep.
753 2807 857 2849 Gen.
878 2807 918 2849 S.
938 2806 993 2861 L,
1012 2806 1065 2848 ad
1080 2809 1132 2849 20
1155 2819 1286 2848 annos
1307 2810 1480 2847 renovat
1500 2805 1723 2846 facultates
1745 2804 1783 2845 d.
1806 2803 1847 2845 S.
1867 2804 1911 2843 in

325 2887 506 2936 utraque
525 2880 649 2922 India
669 2880 722 2922 ab
744 2881 836 2922 Inn.
860 2879 898 2920 X
919 2893 1139 2921 concessas
1160 2879 1254 2933 (cfr.
1280 2892 1321 2920 n.
1345 2878 1433 2931 27).

327 2947 373 2983 R.
392 2959 451 2991 ap.
472 2947 508 2981 S.
527 2947 578 2981 M.
597 2947 648 2982 M.
670 2947 750 2983 VIII
764 2947 841 2982 Ian.
862 2949 948 2982 1669
962 2945 1147 2981 P.an.11.

325 3055 427 3090 Buzz.
446 3057 493 3091 de
505 3067 612 3101 prop.
630 3056 705 3100 fide
722 3056 755 3097 Ι,
774 3058 850 3091 386.
1529 3053 1619 3098 Rey.
1638 3052 1725 3086 buil.
1755 3052 1816 3086 VI.
1837 3054 1910 3086 190.
