1989 3252
261 192 398 244 Greg.
421 189 520 232 XV.
935 207 990 212 —
1019 183 1100 223 292
1129 206 1183 210 -
1721 179 1847 224 1621.

344 279 385 321 2.
421 276 607 318 Rauenna·
625 278 852 328 coum-all.
877 294 902 299 -
923 268 1046 322 Greg.
1071 267 1164 321 XV,
1187 267 1326 309 citatis
1347 267 1428 307 litt.
1453 265 1575 306 Pauli
1591 263 1650 317 II,
1672 271 1780 309 Cum
1800 273 1849 310 in

262 350 472 391 omnihus
491 347 679 388 iudiciis
715 344 834 391 1465,
858 340 892 381 V
914 340 971 382 id.
1000 340 1115 392 Maii,
1140 338 1380 392 petentibus
1401 337 1540 390 priore
1580 339 1623 377 et
1662 335 1850 389 capitulo

258 417 484 459 saecularis
520 421 561 456 et
582 414 830 467 collegiatae
852 417 894 453 et
915 412 1089 464 insignis
1111 411 1213 452 eccl.
1239 411 1280 452 S.
1306 409 1525 450 Laurentii
1545 406 1778 449 Florentin.
1812 412 1855 449 et

264 491 404 531 Blasio
426 488 567 529 Luisio
601 491 766 528 rectore
801 489 842 526 et
878 483 1021 525 Cassio
1044 482 1201 523 Alferio
1223 495 1389 535 procur.
1413 479 1510 521 coll.
1535 478 1577 520 S.
1601 477 1635 520 Ι.
1659 478 1783 531 vulgo
1805 478 1847 520 S.

264 561 459 604 Ioannini
482 559 710 600 Florentin.
737 556 907 598 mandat
930 554 1171 608 Praeposito
1194 553 1296 594 eccl.
1321 552 1353 593 F
1357 552 1552 594 lorentin.
1578 556 1620 591 et
1637 548 1730 591 Vic.
1755 563 1851 602 gen.

265 632 581 687 Archiepiscopi
611 628 842 671 Florentini
871 634 933 680 ut,
957 627 990 667 si
1011 627 1055 667 in
1076 625 1330 676 evidentem,
1355 623 1579 664 confirmet
1599 622 1643 662 in
1664 621 1853 663 favorem

267 707 307 748 d.
333 705 428 747 coll.
453 703 753 745 alienationem
775 701 881 740 situs
915 697 1135 739 cuiusdam
1156 709 1375 749 cauponae
1396 698 1439 736 et
1458 694 1639 735 duarum
1669 693 1853 734 mansio-

266 792 365 819 num
389 778 432 817 in
454 776 520 816 via
544 772 820 822 Chiassolino,
838 770 992 812 valoris
1011 770 1055 810 in
1075 774 1211 811 totum
1234 770 1339 809 1200
1361 771 1467 808 scut.
1493 769 1687 807 monetae
1703 763 1854 806 fioren-

265 851 343 891 tin.
367 848 434 889 vel
455 849 534 888 850
555 845 649 887 duc.
675 845 768 886 auri
790 843 840 884 de
861 855 1045 884 camera.

265 917 306 951 R.
326 926 383 958 ap.
405 913 442 949 S.
464 913 503 947 P.
525 911 611 946 XVI
629 911 702 945 kal.
724 911 831 945 Mart.
854 911 937 944 1620
957 908 996 942 P.
1017 918 1075 942 an.
1098 908 1126 943 1.

1525 1014 1611 1056 Rey.
1630 1012 1721 1047 hall.
1746 1011 1785 1046 V.
1804 1013 1858 1045 32.

350 1137 391 1181 3.
427 1134 612 1177 Ratiom'
632 1134 857 1185 congruit.
882 1152 908 1157 -
929 1126 1051 1179 Greg.
1074 1123 1167 1177 XV,
1190 1124 1384 1178 episcopo
1401 1121 1649 1163 Atrebaten.
1669 1134 1744 1162 seu
1764 1120 1855 1161 eius

268 1206 436 1249 officiali
452 1203 625 1247 mandat
640 1206 687 1242 ut
703 1202 746 1242 in
766 1199 951 1241 favorem
966 1198 1057 1239 coll.
1082 1198 1125 1239 S.
1144 1196 1178 1238 I.
1199 1195 1486 1248 Duacen.,cui
1502 1193 1682 1235 loannes
1697 1191 1853 1233 Franc.

266 1279 500 1332 Episcopus
536 1273 771 1316 Vercellen.
812 1272 854 1312 in
883 1270 1027 1324 Belgio
1056 1268 1241 1310 Nuntius
1280 1272 1529 1321 perpetuam
1576 1264 1857 1318 capellaniam

268 1351 345 1393 sub
366 1352 503 1391 invoc.
529 1348 575 1389 B.
603 1346 660 1387 M.
688 1344 737 1386 V.
757 1345 882 1385 sitam
904 1344 946 1383 in
980 1341 1150 1395 paroch.
1176 1339 1263 1382 eccl
1303 1340 1400 1393 pagi
1435 1338 1486 1379 de
1518 1337 1717 1379 Gouriere
1738 1336 1862 1376 Atre-

270 1424 412 1465 baten.
437 1421 589 1472 dioec„
613 1432 638 1460 a
659 1421 839 1459 monast.
873 1415 914 1457 S.
939 1414 1168 1456 Salvatoris
1204 1412 1499 1466 Aquicincten.
1533 1409 1583 1453 O.
1607 1409 1648 1451 S.
1672 1408 1778 1450 Ben.
1817 1407 1857 1450 d.

267 1495 401 1538 dioec.
426 1490 749 1547 dependentem,
772 1502 798 1530 a
831 1487 991 1529 Ioanne
1028 1486 1184 1538 Coyart
1218 1484 1418 1525 canonico
1449 1481 1736 1522 Audomaren.
1759 1479 1862 1520 resi—

268 1572 440 1622 gnatam
461 1565 670 1615 univerat,
694 1565 818 1615 prout
839 1561 881 1600 in
897 1559 1051 1600 litteris
1067 1557 1107 1598 d.
1127 1555 1297 1597 Ioannis
1317 1556 1368 1596 14
1383 1552 1509 1595 Mart.
1532 1553 1636 1594 1586
1654 1550 1860 1593 contineri

269 1637 506 1689 dicebatur,
528 1634 748 1677 confirmet
769 1631 808 1673 d.
834 1632 1033 1673 unionem
1054 1641 1182 1683 quam
1216 1626 1338 1668 Paul.
1363 1624 1397 1667 V
1433 1625 1500 1666 die
1529 1622 1613 1664 XII
1634 1622 1719 1664 kal.
1754 1620 1858 1675 Apr.

269 1711 393 1752 Pont.
417 1723 484 1751 an.
510 1707 587 1748 XV
608 1706 649 1748 d.
674 1707 868 1759 episcopo
891 1701 1160 1744 Atrebatensi
1181 1699 1404 1742 commisit.
1429 1696 1498 1738 Fr.
1526 1697 1603 1737 100
1626 1694 1722 1736 duc.

269 1780 312 1814 R.
330 1789 390 1821 ap.
409 1778 445 1810 S.
466 1776 506 1809 P.
527 1774 615 1810 XVI
633 1773 708 1807 kal.
727 1773 837 1808 Mart.
860 1773 944 1806 1620
964 1769 1003 1804 P.
1024 1780 1083 1803 an.
1104 1768 1133 1803 I.

1524 1874 1615 1917 Req.
1635 1871 1725 1906 bun.
1754 1871 1790 1904 V.
1811 1873 1866 1905 65.

355 2001 399 2043 4.
436 2000 585 2044 Quello
607 1998 686 2040 che
707 2001 791 2038 voz‘.
814 2017 839 2023 -
860 1991 982 2044 Greg.
1008 1988 1081 2032 XV
1109 1988 1221 2042 patri
1240 1984 1443 2037 Arnoldo,
1467 1982 1723 2025 confessario
1754 1981 1864 2034 regis

274 2071 380 2113 Lud.
404 2068 509 2111 XIII
529 2066 798 2110 commendat
817 2069 864 2106 ut
885 2077 1024 2117 regem
1045 2062 1204 2104 excitet
1237 2059 1289 2101 ad
1322 2056 1586 2099 liberandum
1621 2054 1675 2096 ab
1698 2052 1863 2095 haeresi

275 2157 450 2198 regnum
471 2141 503 2182 F
506 2141 674 2182 ranciae
697 2143 739 2180 et
760 2135 1007 2178 bellandum
1026 2133 1228 2176 adversus
1250 2130 1501 2173 haereticos.

279 2212 409 2254 Roma,
427 2209 534 2244 Mart.
554 2209 652 2242 1621.

275 2321 374 2356 Prat.
393 2317 616 2352 Recherches
636 2340 703 2350 .....
721 2326 788 2348 sur
806 2316 842 2347 la
862 2313 900 2348 C.
919 2312 965 2346 de
981 2311 1007 2346 J
1010 2336 1016 2344 .
1036 2322 1081 2344 en
1099 2309 1243 2344 France
1260 2309 1375 2351 Lyon,
1398 2307 1493 2347 1876,
1511 2304 1573 2341 IV.
1593 2305 1671 2339 299.

358 2438 399 2481 5.
433 2441 669 2477 Romanus
693 2432 922 2483 Ponlz'seas.
962 2450 987 2456 -
1028 2424 1152 2478 Greg.
1195 2421 1289 2476 XV,
1333 2420 1576 2476 petentibus
1617 2423 1780 2460 rectore
1827 2421 1871 2459 et

277 2506 566 2561 collegialibus
600 2502 694 2545 coll.
728 2501 780 2543 de
813 2500 1083 2541 Claromonte
1118 2510 1243 2537 nunc.
1277 2495 1320 2537 S.
1358 2493 1392 2534 Ι.
1433 2493 1658 2544 Parisien„
1696 2489 1870 2531 mandat

279 2579 447 2622 officiali
468 2576 633 2618 Tullen.
658 2579 705 2615 ut
734 2586 830 2614 cum
851 2571 891 2612 d.
925 2569 1097 2622 collegio
1118 2568 1239 2608 uniat
1259 2566 1491 2619 prioratum
1512 2563 1554 2605 S.
1579 2561 1798 2603 Laurentii
1818 2558 1870 2600 de
1939 2577 1942 2581 ’

281 2651 417 2705 Rynel
452 2662 576 2690 nunc.
601 2646 651 2688 O.
675 2646 715 2687 S.
741 2646 788 2686 B.
814 2643 982 2684 Tullen.
1006 2640 1139 2682 dioec.
1161 2653 1186 2680 a
1220 2638 1377 2679 Ioanne
1413 2636 1465 2677 de
1498 2634 1728 2676 Geniceurt
1761 2631 1866 2673 alias

281 2725 332 2765 de
354 2722 504 2764 Mei-lin
525 2719 625 2761 cler.
651 2717 856 2758 Parisien.
880 2727 956 2768 per
989 2716 1304 2766 procuratorem
1325 2707 1567 2750 Martialem
1587 2704 1870 2755 Duboucheys

280 2797 380 2837 cler.
401 2792 669 2835 Lemovicen.
687 2788 961 2840 resignatum,
978 2798 1004 2826 a
1020 2797 1130 2825 mon.
1152 2782 1192 2824 S.
1214 2780 1426 2823 Mansueti
1443 2779 1609 2820 Tullen.
1630 2774 1869 2829 dependen-

281 2872 383 2909 tem.
406 2865 474 2906 Fr.
499 2866 554 2906 24
574 2862 671 2903 duc.

282 2935 325 2969 R.
344 2944 402 2977 ap.
419 2932 456 2966 S.
476 2931 516 2965 P.
536 2940 589 2973 pr.
610 2928 683 2963 kal.
704 2928 792 2970 Apr.
814 2927 896 2960 1621
916 2925 957 2959 Ρ.
977 2934 1036 2958 an.
1056 2921 1086 2958 I.

1532 3026 1620 3069 Rey.
1641 3024 1730 3059 bull-
1760 3024 1795 3057 V.
1814 3025 1869 3059 79.
