1989 3252
213 161 354 205 Pauli
374 160 451 204 IV.
886 183 940 188 ἡ
970 159 1053 199 510
1079 182 1134 188 -—
1672 158 1799 203 1561.

213 246 465 288 instituendi
486 246 644 299 Pragae
665 246 759 288 coll.
784 250 951 300 patrum
974 247 1065 286 eius
1094 246 1308 287 societatis
1333 258 1442 299 quae
1477 248 1656 286 vocatur
1689 243 1801 296 Iesu,

214 331 297 372 quo
319 318 426 359 nihil
445 317 512 359 his
531 318 792 372 temporibus
813 317 981 358 videtur
1000 318 1138 370 aptius
1164 333 1171 358 :
1196 322 1392 359 vocatum
1427 316 1481 358 ad
1511 330 1556 358 se
1592 315 1803 369 Ignatium

214 390 305 430 eius
326 389 417 431 Soc.
443 390 689 443 magistrum
712 394 754 431 et·
774 390 826 431 de
847 388 1069 431 duodecim
1091 389 1311 431 mittendis
1339 388 1603 441 mandatum,
1626 401 1803 441 quorum

216 460 316 513 duo,
339 460 545 513 doctores,
569 475 664 502 cum
687 474 741 502 ex
769 460 1010 515 longinquis
1044 460 1148 502 locis
1183 460 1426 502 accersendi
1460 460 1560 512 sint,
1584 459 1725 500 missio
1761 459 1804 499 in

217 532 341 574 Febr.
366 531 498 574 dilata
517 537 598 574 est.

217 599 259 634 R.
279 609 336 642 ap.
358 598 394 634 S.
417 599 464 633 M.
484 599 534 634 M.
555 598 622 634 VII
640 599 719 633 Oct.
741 601 838 634 1555.
859 599 900 634 Ρ.
921 609 978 634 an.
998 598 1026 634 Ι.

216 721 339 763 Rayn.
359 730 450 754 ann.
469 721 552 754 eccl.
572 721 634 754 ad.
654 718 689 753 h.
709 730 743 753 cz.
763 730 801 753 n.
822 721 875 753 50.

297 839 356 884 l.²
390 846 610 882 Dominus
630 846 683 883 N.
708 845 740 882 l.
766 841 836 883 Ch.
863 864 888 869 -
909 839 1030 880 Paul.
1051 837 1108 880 IV
1126 838 1302 882 Claudio
1329 840 1617 891 Petraegiano,
1640 838 1807 879 Aethio-

218 909 311 962 piae
333 911 421 964 regi
442 911 598 952 illustri
621 910 886 952 commendat
916 909 1118 952 Ioannem
1150 910 1295 952 Nunes
1326 911 1377 953 de
1404 912 1607 953 societate
1638 914 1681 952 et
1710 923 1806 950 con-

216 982 344 1023 sortio
364 981 413 1022 D.
448 981 500 1023 N.
535 982 568 1023 I.
603 981 698 1035 Ch.‚
731 981 808 1023 sub
838 981 946 1023 Iulio
977 982 1041 1023 ΠΙ
1074 984 1314 1036 provinciae
1348 983 1598 1036 Aethiopiae
1628 981 1807 1035 patriar-

217 1054 341 1095 cham
363 1053 544 1095 electum
565 1059 693 1108 atque
717 1053 927 1095 Andream
945 1053 996 1095 de
1013 1053 1170 1096 Oviedo
1188 1054 1458 1108 Hierapolen.
1479 1059 1521 1095 et
1535 1053 1807 1095 Melchiorem

217 1124 401 1167 Carnero
424 1125 572 1167 Nicen.
597 1127 832 1179 episcopos,
855 1126 990 1167 socios
1012 1125 1162 1167 Ioanni
1192 1127 1412 1167 adiunctos
1448 1126 1638 1167 eiusdem
1673 1125 1808 1166 Socie-

217 1197 335 1249 tatis,
359 1210 538 1252 quorum
560 1197 642 1239 iter
662 1196 779 1238 obitu
799 1195 898 1238 Iulii
919 1196 983 1238 III
1007 1202 1049 1239 et
1068 1196 1258 1239 Marcelli
1280 1196 1323 1238 II
1345 1197 1597 1250 impeditum
1618 1197 1713 1238 fuit.

216 1262 261 1298 R.
281 1273 338 1306 ap.
359 1262 395 1297 S.
416 1263 457 1298 P.
478 1263 511 1296 X
532 1263 637 1297 Mart.
660 1265 755 1298 1556.
777 1263 818 1298 P.
839 1274 898 1297 an.
922 1264 945 1298 Ι.

215 1385 317 1418 Ball.
335 1389 435 1428 patr.
456 1385 561 1419 Port.
581 1385 610 1419 I.
632 1387 706 1419 189.
727 1403 767 1408 -
786 1386 908 1428 Rayn.
930 1396 1022 1419 mm.
1043 1388 1125 1419 θεοῖ.
1146 1385 1194 1417 ad
1213 1384 1248 1419 h.
1268 1397 1302 1419 α.
1324 1397 1360 1419 71.
1380 1388 1434 1419 43.

304 1507 343 1551 7.
374 1505 613 1558 Raynutius
635 1507 687 1547 tit
708 1505 749 1547 S.
774 1506 923 1559 Angeli
945 1506 1085 1560 presb.
1112 1506 1227 1548 card.
1248 1508 1456 1560 permittit
1473 1507 1554 1548 PP.
1579 1506 1669 1548 Soc.
1694 1505 1807 1556 Iesu,

223 1580 271 1617 ut
292 1576 403 1618 bona
423 1577 571 1618 relicta
590 1577 644 1619 ab
666 1577 816 1619 Alexio
837 1577 1029 1619 Fontana
1048 1579 1139 1619 cive
1160 1578 1385 1620 Turritano
1421 1579 1463 1619 in
1500 1578 1707 1629 Sardinia,
1730 1591 1813 1630 quo

223 1648 376 1689 melior
396 1652 439 1689 et
459 1648 645 1689 securior
666 1648 738 1689 fiat
760 1648 950 1690 fundatio
971 1649 1133 1702 collegii
1155 1648 1371 1691 Turritani
1392 1650 1431 1691 d.
1457 1649 1550 1692 Soc.
1575 1661 1814 1690 accrescere.

222 1719 381 1760 faciant
402 1719 453 1760 ad
475 1719 736 1773 implendam
756 1734 966 1761 summam
988 1721 1103 1762 mille
1125 1721 1375 1762 ducatorum
1398 1721 1530 1762 annui
1552 1720 1753 1761 redditus.

221 1790 263 1825 R.
283 1802 340 1834 ap.
363 1791 398 1826 S.
422 1791 458 1824 P.
482 1792 549 1825 sub
568 1791 690 1835 sigillo
708 1791 767 1826 off.
787 1792 923 1835 poenit.
946 1792 976 1826 V
995 1804 1078 1827 non.
1100 1794 1178 1827 Oct.
1200 1795 1296 1827 1559.
1320 1793 1411 1827 Sede
1432 1804 1506 1827 vae.

988 1914 1114 1948 Femd.
1135 1925 1207 1949 ass.
1229 1914 1337 1956 Hisp.
1356 1925 1416 1956 qur.
1438 1916 1603 1956 Ammon.
1625 1919 1656 1946 ct
1676 1914 1811 1947 Boettc.

859 2121 1006 2192 ΡΠ
1058 2121 1187 2194 IV.

302 2314 392 2359 ll.²
422 2314 474 2355 A.
519 2313 567 2356 P.
611 2315 660 2356 R.
704 2314 762 2356 M.
803 2322 875 2358 Ex
894 2322 1138 2359 conmu‘sso
1160 2318 1288 2358 nobis
1311 2318 1521 2371 desuper.
1561 2340 1586 2346 -
1621 2314 1721 2355 Pius
1751 2313 1810 2355 IV

219 2385 362 2427 omnia
382 2399 490 2439 quae
510 2386 595 2438 egit
614 2385 862 2439 Rudolphus
883 2386 995 2428 card.
1021 2386 1071 2426 de
1094 2385 1228 2439 Carpo
1250 2400 1323 2439 pro
1346 2387 1571 2436 erectione,
1592 2386 1808 2427 dotatione

219 2460 301 2497 etc.
326 2456 491 2509 collegii
514 2457 756 2509 Lauretani,
784 2459 801 2498 1
828 2457 934 2499 Nov.
962 2459 1082 2509 1554,
1108 2458 1257 2511 probat
1277 2458 1595 2512 confirmatque.

218 2522 261 2557 R.
281 2533 340 2565 ap.
361 2522 397 2557 S.
418 2523 459 2558 P.
478 2523 546 2557 XV
562 2522 635 2559 kal.
657 2523 742 2558 Feb.
764 2526 860 2559 1561.
881 2525 921 2558 P.
941 2535 999 2559 an.
1020 2525 1079 2559 III.

1351 2645 1475 2679 Fund.
1492 2656 1553 2686 pr.
1574 2645 1680 2679 Rom.
1698 2650 1721 2677 t.
1741 2644 1809 2677 III.

302 2769 395 2814 25³²
430 2772 719 2813 Audimuste
745 2778 791 2813 in
815 2772 1071 2825 Aelhz'mpe'a.
1111 2794 1136 2800 -
1173 2769 1272 2810 Pius
1311 2768 1368 2810 IV
1410 2768 1603 2810 Andreae
1640 2766 1813 2820 (Oviedo

220 2838 263 2881 S.
289 2839 344 2893 Ι.)
366 2844 445 2894 epo
466 2839 747 2894 Ierapolitano
770 2841 881 2894 apud
905 2840 1101 2882 Mennam
1134 2841 1330 2894 Aethiop.
1368 2842 1664 2894 imperat-orem
1701 2851 1811 2879 nunc

222 2912 407 2952 versanti
449 2912 622 2953 nuntiat
665 2913 776 2953 mitti
812 2912 910 2953 Ant.
951 2912 1139 2964 Pintum,
1178 2913 1297 2953 cuius
1331 2912 1532 2953 mandata
1570 2912 1811 2964 episcopum

224 2983 412 3027 oratione
435 2987 720 3025 consentanea
740 2983 850 3041 apud
875 2983 915 3024 d.
940 2982 1138 3027 Mennam
1160 2983 1357 3042 subsequi
1377 2983 1465 3024 vult
1481 2988 1524 3023 et
1543 2982 1700 3027 hortari
1718 2993 1811 3025 eum
