1989 3252
302 196 443 240 Pauli
463 197 516 241 V.
973 228 1028 234 —
1056 204 1136 246 288
1169 231 1219 236 -
1763 215 1896 261 1619.

383 285 488 328 230.
522 284 573 325 Α.
596 285 644 327 Ρ.
674 286 721 328 R.
748 286 804 328 M.
833 295 882 332 [η
902 294 1006 334 sede
1028 297 1276 350 Principis.
1301 320 1327 325 —
1346 295 1465 338 Paul.
1490 296 1541 349 V,
1565 303 1733 351 petente
1765 301 1890 344 Prae-

300 354 434 406 posito
470 354 665 396 Generali
701 357 740 399 S.
781 358 816 400 I.
854 359 887 400 F
890 363 1125 404 ranciscum
1166 363 1412 419 Xaverium,
1452 369 1520 408 cui
1561 372 1889 414 canonizationis

299 425 499 467 honorem
522 427 748 481 aliquando
769 432 960 474 habitum
996 436 1047 475 iri
1081 444 1268 490 sperant,
1292 439 1470 481 Beatum
1501 445 1751 496 nuncupari,
1775 450 1817 486 et
1838 445 1889 488 de

299 511 347 538 eo
369 497 436 539 die
452 500 478 539 2
495 498 596 541 Dec.
617 514 700 554 qua
721 503 973 548 obdormivit
993 508 1036 548 in
1061 509 1254 562 Domino,
1273 512 1316 551 in
1338 511 1525 553 ecclesiis
1547 513 1587 555 d.
1606 514 1827 558 Societatis
1847 523 1890 559 et

297 569 340 609 in
361 569 513 622 oppido
535 569 690 613 Xavier
710 574 891 618 officium
914 580 1082 620 recitari
1103 586 1145 622 et
1166 582 1336 624 missam
1357 583 1562 625 celebrari
1585 587 1791 629 concedit.

298 634 338 669 R.
359 647 417 678 ap.
439 635 474 669 S.
495 637 543 671 M.
566 638 614 672 M.
635 639 742 674 XXV
762 641 841 678 Oct.
864 648 949 681 1619
969 647 1007 681 Ρ.
1026 659 1084 682 an.
1106 647 1185 685 XV.

297 745 396 778 Ball.
420 747 524 781 Rom.
1621 764 1773 798 Eleneh.
1794 766 1885 800 bull-

380 858 477 901 231.
522 864 646 901 Rom.
690 862 928 914 Ponlzficc's
960 866 1275 916 providentia.
1318 891 1344 897 -
1384 868 1503 911 Paul.
1547 869 1600 923 V,
1643 874 1884 925 petentibus

295 930 456 968 rectore
477 932 519 969 et
540 928 833 982 collegialibus
854 931 948 973 coll.
971 931 1013 974 S.
1037 932 1073 974 I.
1098 935 1273 978 Anicen.
1299 937 1467 980 officiali
1495 941 1686 984 Anicien.
1713 945 1886 988 mandat

297 1003 342 1037 ut
371 1012 466 1039 cum
502 998 542 1040 d.
568 999 742 1053 collegio
774 1003 894 1043 uniat
924 1004 1134 1056 prioratus
1170 1009 1410 1051 saeculares
1439 1010 1480 1053 S.
1505 1012 1624 1054 Fidei
1655 1013 1706 1056 de
1740 1015 1801 1057 Ba
1831 1017 1885 1059 ab

297 1071 394 1110 Ant.
420 1069 470 1110 de
491 1069 718 1124 GilberteS,
742 1076 787 1113 et
807 1072 849 1115 S.
874 1073 1045 1116 Ioannis
1071 1076 1121 1118 de
1142 1077 1313 1120 Paliech
1338 1095 1412 1122 seu
1433 1082 1605 1125 Pailhec
1626 1086 1691 1126 vel
1712 1085 1885 1130 Palihec

294 1153 421 1181 nunc.
441 1140 482 1182 d.
503 1140 636 1184 dioec.
656 1156 682 1184 a
696 1141 856 1184 Ioanne
873 1143 1100 1188 Laurentio
1119 1150 1364 1202 resignatos.
1384 1151 1453 1194 Fr,
1473 1154 1701 1197 cuiuslibet
1715 1158 1769 1198 24
1786 1157 1881 1201 duc.

293 1206 459 1249 Tusculi,
480 1218 563 1242 non.
585 1208 673 1243 Nov.
698 1213 779 1245 1619
799 1210 836 1243 P.
858 1222 916 1245 an.
940 1212 1019 1247 XV.

1490 1332 1577 1375 Βερ-
1597 1333 1686 1367 bull.
1716 1335 1753 1368 V.
1775 1338 1828 1372 ll.
1848 1337 1882 1371 b.

377 1429 479 1475 232.
513 1429 563 1472 Α.
587 1428 634 1473 F.
659 1430 708 1473 R.
734 1430 792 1474 M.
817 1435 947 1476 Alias
974 1438 1401 1490 supplicationibus.
1426 1464 1452 1469 -
1487 1440 1605 1484 Paul.
1638 1441 1675 1483 V
1710 1443 1885 1487 faculta-

293 1506 379 1542 tem
401 1503 675 1555 promotionis
697 1502 750 1543 ad
771 1516 909 1544 sacros
925 1504 1109 1557 ordines,
1127 1506 1262 1548 tribus
1284 1508 1506 1552 dominicis
1522 1517 1593 1554 aut
1609 1513 1704 1555 aliis
1720 1514 1883 1556 festivis

291 1573 420 1614 etiam
441 1574 697 1615 continuatis
719 1574 868 1616 diebus
890 1579 1011 1616 extra
1031 1581 1238 1631 tempora,
1262 1584 1305 1620 et
1333 1595 1414 1621 non
1441 1585 1619 1624 servatis
1640 1585 1881 1627 interstitiis

292 1648 372 1685 etc.
398 1644 452 1685 ad
472 1646 739 1698 septennium
761 1646 943 1688 alumnis
977 1649 1192 1689 seminarii
1216 1649 1383 1694 Vilnen.
1409 1667 1649 1696 concessam
1680 1656 1733 1697 ad
1765 1657 1880 1698 aliud

291 1716 558 1769 septennium
579 1722 769 1760 renovat.
992 1764 995 1767 .

288 1781 332 1816 R.
352 1794 411 1825 ap.
431 1782 467 1816 S.
489 1783 537 1816 M,
559 1783 608 1817 M.
629 1784 749 1819 XVIII
770 1784 854 1819 Dec.
875 1787 959 1820 1619
978 1786 1018 1820 Ρ.
1039 1798 1098 1820 an.
1119 1788 1194 1820 XV.

1563 1906 1650 1950 Rea.
1671 1906 1760 1942 bull.
1786 1907 1825 1943 V.
1845 1909 1877 1942 9.

371 2007 472 2054 233.
498 2008 705 2052 Debitum
730 2013 985 2065 pastorales
1018 2011 1179 2066 oflicii.
1214 2037 1239 2043 -
1268 2011 1390 2056 Paul.
1423 2012 1475 2066 V,
1498 2019 1669 2068 petente
1704 2017 1874 2059 Alberto

288 2075 342 2119 ab
364 2079 535 2120 Austria
555 2080 709 2121 comite
743 2079 982 2134 Flandriae,
1006 2082 1176 2124 mandat
1207 2098 1280 2125 suo
1302 2085 1347 2125 in
1369 2086 1513 2139 Belgio
1536 2086 1694 2128 Nuntio
1716 2093 1762 2129 ut
1782 2102 1878 2140 cum

286 2150 380 2193 0011.
408 2150 450 2194 S.
479 2151 514 2193 Ι.
539 2165 635 2205 opp.
660 2152 846 2195 Duacen.
875 2154 1119 2196 Atrebaten.
1145 2155 1278 2197 dioec.
1303 2170 1384 2211 quo
1420 2158 1473 2199 ad
1505 2159 1798 2214 philosophiae
1833 2165 1876 2202 et

287 2222 414 2264 theol.
433 2223 573 2264 studia
593 2237 818 2265 numerosa
837 2224 1033 2266 inventus
1055 2228 1280 2281 concurrit,
1300 2229 1420 2270 uniat
1439 2230 1674 2283 prioratum
1703 2231 1754 2273 de
1777 2232 1879 2273 Onis

287 2293 335 2335 O.
360 2294 400 2336 S.
435 2294 538 2336 Ben.
563 2294 784 2337 Bolonien.
821 2295 973 2348 dioec.‚
995 2297 1049 2338 ad
1083 2297 1178 2339 abb.
1214 2304 1394 2342 monast.
1434 2301 1484 2342 de
1520 2300 1798 2344 Marmoutier
1833 2303 1875 2344 d.

286 2366 375 2407 ord.
413 2371 690 2421 spect-antem,
728 2381 753 2408 a
786 2367 936 2410 Franc.
977 2369 1027 2410 de
1067 2369 1386 2425 Montmorancy
1422 2373 1560 2427 presb.
1600 2375 1873 2428 resignatum.

284 2436 353 2479 Fr.
377 2440 458 2480 200
481 2439 576 2479 duc.
600 2453 691 2481 aur.
716 2439 767 2480 de
789 2452 972 2482 camera.

283 2504 328 2540 R.
348 2516 406 2548 ap.
426 2505 462 2540 S.
485 2506 534 2541 Μ.
555 2507 605 2540 Μ.
628 2507 712 2542 XIII
728 2506 803 2540 kal.
822 2506 900 2541 Ian.
922 2510 1007 2543 1619
1026 2508 1066 2542 Ρ.
1087 2520 1145 2544 an.
1168 2510 1250 2545 XV.

1547 2622 1632 2667 Rey.
1649 2624 1736 2659 bull.
1767 2623 1801 2660 V.
1821 2627 1878 2660 22.

369 2742 471 2791 234.
505 2749 578 2789 Ex
596 2744 802 2790 iniuncto
822 2749 964 2790 nobis.
1003 2770 1029 2776 —
1063 2744 1184 2788 Paul.
1218 2743 1269 2799 V,
1291 2745 1433 2788 citatis
1467 2747 1621 2790 litteris
1655 2750 1777 2792 Pauli
1811 2751 1871 2805 ΙΙ,

289 2823 395 2859 Cum
419 2824 464 2859 ιή
480 2819 691 2860 ommibus
709 2819 911 2869 zzcdccz'z's,
938 2818 1058 2870 1465,
1081 2831 1121 2858 v,
1150 2818 1206 2859 id.
1232 2815 1348 2869 Maii,
1372 2820 1612 2871 petentibus
1647 2821 1801 2863 abbate
1831 2828 1874 2864 et

283 2891 491 2928 conventu
527 2890 704 2929 monast.
745 2888 787 2929 S.
826 2885 884 2929 M.
919 2887 1196 2930 Munsterien.
1234 2889 1356 2931 iuxta
1392 2904 1487 2944 opp.
1525 2891 1869 2946 Luxemburgen.

285 2956 333 2999 Ο.
372 2957 412 2999 S.
437 2957 540 2999 Ben.
566 2957 790 3000 Treveren.
831 2958 983 3012 dioec.‚
1003 2964 1044 3000 et
1064 2964 1228 3002 rectore
1264 2965 1305 3001 et
1332 2961 1618 3015 collegialibus
1639 2962 1733 3005 coll.
1759 2964 1801 3006 S.
1834 2961 1869 3007 I.

285 3028 427 3084 oppidi
462 3028 645 3072 Traiecti
680 3029 733 3071 ad
771 3029 933 3071 Mosam
966 3029 1166 3073 Leodien.
1205 3030 1336 3074 dioec.
1370 3033 1543 3075 mandat
1577 3034 1735 3076 decano
1765 3035 1870 3078 0001.
