1989 3252
290 225 466 269 Urban.
492 223 621 268 VIII.
965 247 1019 252 —
1049 223 1129 264 322
1159 248 1212 252 ——
1754 224 1879 269 1627.

373 312 439 355 67.
476 309 523 350 Α.
552 309 595 349 Ρ.
622 307 671 350 R.
698 307 753 349 M.
781 315 852 352 Eoe
873 316 1078 353 mmm-to
1101 312 1243 354 nobis.
1263 335 1288 340 -
1309 309 1471 351 Urban.
1496 309 1615 359 VIII,
1639 310 1881 362 petentibus

291 380 481 434 patribus
504 383 545 420 et
565 379 858 432 collegialibus
880 380 975 421 coll.
1001 380 1042 421 S.
1068 380 1102 421 I.
1124 395 1220 434 opp.
1242 379 1688 433 Aschaffenburgeusis
1706 380 1882 433 Magun-

291 454 368 493 tin.
407 452 561 503 dioec.,
586 465 681 491 cum
713 451 752 492 d.
792 452 887 493 coll.
926 451 1003 492 sub
1039 453 1174 494 invoc.
1215 452 1285 495 SS.
1320 453 1540 494 Trinitatis
1575 466 1651 505 per
1680 452 1881 494 Ioannem

290 522 536 565 Suicardam
558 523 809 575 archiepisc.
835 522 1068 576 Moguntin.
1091 524 1133 565 S.
1151 524 1200 566 R.
1226 524 1332 578 Imp.
1360 538 1433 577 per
1455 523 1725 566 Germaniam
1744 525 1881 565 archi-

292 594 468 636 cancell.
493 599 536 635 et
557 595 790 647 principem
812 594 1054 636 Electorum
1075 599 1230 648 erecto,
1248 609 1344 636 cum
1365 594 1533 636 redditu
1555 609 1693 636 annuo
1716 597 1794 636 900
1816 593 1880 647 fl.,

291 668 343 707 75
365 665 599 706 modiorum
620 665 746 707 frum.
771 670 812 706 et
833 669 857 707 5
879 666 1058 719 plaustr.
1081 667 1163 707 vini
1185 671 1228 708 et
1248 666 1387 707 media
1407 666 1572 707 decima
1591 665 1645 707 ad
1666 667 1719 708 20
1742 665 1884 707 modia

291 737 417 778 frum.
441 736 694 778 ascendente
713 737 767 778 ad
788 737 992 778 sacellum
1008 751 1120 778 nunc
1136 737 1322 779 dirutum
1339 738 1379 779 S.
1401 737 1627 779 Aemiliani
1649 742 1880 790 spectante,

291 810 382 850 unit
404 809 707 849 monasterium
725 808 972 850 monialium
991 809 1271 851 Himmelthal
1292 823 1417 850 nunc.
1438 808 1538 850 Ord.
1561 808 1662 850 Cist.
1684 822 1708 849 a
1723 808 1763 850 d.
1784 822 1879 862 opp.

292 882 316 921 3
352 881 441 921 hor.
481 879 654 930 distans,
689 884 927 933 temporum
965 880 1223 932 calamitate,
1247 881 1412 922 haeresi
1448 885 1490 921 et
1519 894 1680 921 morum
1713 879 1884 921 licentia

291 952 346 992 ab
381 951 605 992 haereticis
630 951 780 991 vicinis
812 956 1061 1005 usurpatum
1092 956 1135 993 et
1163 951 1370 1005 elapsum.
1402 950 1659 992 Officialibus
1696 950 1879 1004 archiep.

292 1022 581 1076 Moguntinen.
601 1026 643 1064 et
659 1026 832 1082 eporum
850 1022 1128 1076 Herbipolen.
1149 1028 1193 1064 et
1209 1023 1484 1076 Bambergen.
1505 1036 1622 1064 exec.
1640 1023 1880 1064 committit.

290 1090 329 1125 In
348 1100 430 1123 arce
451 1089 661 1132 Gaudulphi
681 1089 860 1123 Albanen.
882 1090 996 1124 dioec.
1018 1090 1102 1125 VIII
1124 1090 1173 1124 id.
1193 1089 1280 1124 Maii
1301 1092 1384 1124 1627
1404 1089 1444 1123 P.
1464 1100 1522 1122 an.
1541 1089 1602 1125 IV.

1505 1198 1591 1242 Ray.
1612 1198 1700 1232 buu.
1731 1198 1790 1231 VJ.
1809 1201 1829 1233 6
1848 1199 1882 1233 b.

377 1310 449 1355 68.
482 1308 532 1350 A.
556 1308 603 1351 F.
631 1309 678 1351 R.
704 1307 762 1350 M.
800 1312 991 1353 Dilectos
1011 1312 1145 1363 filios.
1170 1333 1195 1339 -
1230 1307 1392 1350 Urban.
1429 1306 1531 1348 VIII
1566 1306 1746 1348 alumnis
1782 1320 1883 1348 sem.

290 1382 473 1423 nationis
507 1380 737 1422 Hiberniae
772 1381 815 1421 in
850 1382 933 1422 ciV.
957 1379 1214 1422 Ulixbonen.
1253 1380 1306 1421 ad
1341 1380 1571 1420 triennium
1607 1378 1800 1420 concedit
1833 1383 1881 1419 ut

289 1453 449 1506 possint
471 1457 592 1494 extra
627 1456 818 1506 tempora
852 1451 1010 1506 absque
1045 1451 1143 1493 Ord.
1188 1450 1537 1492 dimissorialibus
1567 1449 1621 1491 ad
1649 1463 1682 1491 s,
1717 1449 1883 1491 ordines

290 1524 541 1578 promoveri.

292 1589 333 1624 R.
354 1600 412 1633 ap.
434 1589 469 1623 S.
492 1589 541 1624 M.
561 1589 612 1624 M.
633 1589 706 1624 XX
724 1589 813 1625 Maii
833 1592 918 1625 1627
938 1589 977 1623 Ρ.
998 1600 1057 1623 an.
1076 1588 1138 1624 IV.

1484 1698 1573 1741 Ray.
1593 1696 1684 1730 bun.
1711 1697 1747 1731 V.
1758 1681 1831 1731 '220
1849 1696 1884 1730 b.

374 1810 445 1855 69.
480 1810 531 1851 A.
555 1809 603 1850 P.
640 1809 691 1850 R.
731 1808 788 1850 M.
825 1814 1048 1855 Quoniam
1070 1811 1255 1852 (livinae
1276 1811 1480 1852 ὸοηῖίαίί.
1518 1831 1543 1836 -
1578 1805 1739 1848 Urban.
1784 1805 1885 1847 VIII

290 1881 515 1934 collegium
538 1880 776 1922 Viennense
812 1893 837 1921 a
871 1879 1001 1933 Greg.
1024 1879 1129 1921 XIII
1164 1893 1240 1933 pro
1261 1881 1314 1920 40
1351 1879 1491 1932 pueris
1521 1882 1724 1930 erectum,
1748 1877 1883 1918 literis

294 1959 436 1994 tamen
458 1952 508 1993 de
530 1966 580 1994 ea
600 1952 812 1993 erectione
835 1965 918 1993 non
939 1952 1132 2004 repertis,
1152 1951 1203 1992 de
1224 1964 1331 1992 novo
1353 1950 1474 2003 erigit
1496 1963 1571 2003 pro
1600 1951 1652 1991 20
1684 1949 1882 2000 alumnis,

293 2024 458 2066 redditu
484 2025 588 2065 1530
611 2023 1034 2075 scutoruminstruit,
1057 2023 1316 2076 presbyteris
1337 2021 1379 2064 S.
1404 2021 1439 2063 I.
1463 2021 1689 2071 submittit,
1714 2019 1882 2061 modum

293 2102 335 2137 et
355 2096 533 2137 formam
556 2095 824 2136 admissionis
845 2094 1106 2148 praescribit,
1130 2094 1353 2147 privilegia
1374 2092 1535 2134 tribuit.

292 2162 336 2196 R.
357 2174 414 2204 ap.
436 2162 471 2197 S.
490 2161 540 2196 M.
561 2161 610 2195 Μ.
631 2160 704 2194 kal.
724 2160 803 2196 Iun.
826 2162 911 2195 1627
930 2160 970 2194 P.
990 2171 1050 2193 an.
1071 2160 1133 2195 IV.

292 2271 393 2304 Ball.
416 2273 459 2302 de
473 2281 636 2314 propag.
655 2270 730 2310 fide
747 2269 777 2302 I.
797 2272 851 2303 82.
1622 2267 1772 2301 Elench.
1795 2267 1885 2300 buu.

377 2393 449 2436 70.
481 2391 531 2432 A.
562 2390 609 2432 P.
642 2389 693 2431 R.
726 2389 784 2432 M.
821 2393 1046 2437 Quoniam
1089 2392 1276 2434 divinae
1313 2392 1519 2432 bonitati.
1542 2412 1568 2418 —
1592 2386 1754 2429 Urban.
1788 2387 1888 2428 VIII

295 2462 519 2515 collegium
553 2462 763 2515 Pragense
799 2475 823 2502 a
857 2461 979 2514 Greg.
1003 2460 1109 2503 XIII
1145 2474 1218 2515 pro
1237 2463 1291 2502 40
1313 2459 1652 2502 adolescentibus
1683 2464 1886 2512 erectum,

294 2534 426 2575 literis
442 2538 584 2575 tamen
606 2533 657 2574 de
678 2547 728 2574 ea
760 2534 975 2574 erectione
1006 2546 1089 2573 non
1109 2533 1302 2586 repertis,
1326 2536 1499 2573 renovat
1518 2544 1593 2585 pro
1615 2532 1667 2573 20
1689 2531 1885 2581 alumnis,

295 2605 462 2646 redditu
485 2607 589 2646 1530
610 2605 840 2646 talerorum
861 2605 1047 2656 instruit,
1081 2604 1337 2657 presbyteris
1373 2603 1415 2646 S.
1450 2602 1484 2644 Ι.
1509 2601 1694 2654 subiicit,
1717 2601 1888 2643 modum

297 2682 340 2718 et
361 2677 538 2718 formam
560 2676 896 2730 recipiendorum
918 2675 1185 2729 praescribit,
1209 2675 1427 2728 privilegia
1449 2674 1612 2715 tribuit.

298 2743 339 2777 R.
359 2754 417 2785 ap.
440 2742 475 2776 S.
494 2742 544 2777 M.
565 2742 613 2776 M.
634 2743 716 2776 Kal.
737 2743 816 2778 Iun.
837 2744 922 2777 1627
941 2742 983 2776 Ρ.
1003 2752 1062 2776 an.
1082 2741 1144 2776 IV.

299 2851 400 2884 Ball.
420 2851 465 2884 de
478 2862 636 2895 propaq.
655 2851 730 2894 fide
748 2852 778 2886 I.
796 2853 850 2886 78.
870 2869 912 2874 -
931 2851 1034 2884 Bull.
1054 2850 1162 2884 Rom.
1622 2847 1777 2882 Elench.
1797 2847 1886 2881 bule.

382 2974 446 3016 71.
479 2971 531 3014 A.
555 2971 601 3014 P.
640 2971 691 3014 R.
717 2971 775 3013 M.
813 2975 916 3016 Zelo
936 2974 1099 3016 domus
1119 2977 1214 3015 Dez'.
1256 2994 1283 3000 -
1318 2968 1479 3012 Urban.
1527 2967 1626 3010 VIII
1666 2967 1892 3020 collegium

298 3041 563 3097 Illyricorum
600 3045 643 3086 in
679 3044 852 3085 civitate
888 3042 1128 3085 Lauretana
1149 3055 1175 3084 a
1208 3042 1331 3095 Greg.
1354 3040 1459 3083 XIII
1480 3054 1555 3095 pro
1575 3042 1628 3082 30
1651 3040 1893 3082 adolescen-
