1989 3252
136 201 274 255 Greg.
297 201 431 244 ΧΙΙΙ-
804 224 857 229 —
887 201 964 240 521
999 222 1052 227 —
1584 200 1718 245 1580.

137 287 420 328 concionatori
459 299 533 327 suo
568 287 795 338 negotium,
819 287 861 326 in
895 285 1122 326 Germania
1157 299 1236 339 quo
1257 286 1464 337 mittetur,
1496 286 1720 326 committit

140 358 391 409 haereticos,
410 360 624 410 suspectos
642 361 720 397 etc.
746 356 1002 401 absolvendi,
1026 358 1068 396 in
1091 356 1271 397 lectione
1291 356 1385 396 libr.
1410 356 1526 397 haer.
1551 355 1717 409 dispen-

139 428 258 469 sandi
280 429 322 468 in
344 428 433 469 foro
454 429 750 469 conscientiae.

141 495 182 528 R.
202 505 259 536 ap.
282 494 317 528 S.
340 494 379 528 Ρ.
402 494 488 529 XIX
509 493 586 527 Ian.
609 496 691 527 1580
711 494 750 527 P.
769 504 828 527 an.
852 493 943 528 VIII.

142 602 311 639 Theiner.
331 612 421 636 ann.
441 604 525 635 eccl.
545 602 595 635 ad
613 600 648 635 h.
669 611 703 634 α.
726 613 762 634 n.
782 603 835 635 79.

218 721 340 768 159.³
372 726 597 765 Mittimus
618 723 846 764 dilectum.
871 744 896 750 —
916 719 1038 774 Greg.
1062 719 1166 761 XIII
1190 719 1388 761 Michaeli
1409 720 1523 772 Bayo
1545 721 1711 763 cancel-

135 791 240 833 lario
276 792 390 832 univ,
414 790 570 832 Lovan.
595 795 637 832 et
671 791 714 830 in
749 804 781 831 s.
806 790 934 831 theol.
972 790 1196 843 professori
1233 790 1440 842 significat
1472 791 1585 832 mitti
1615 804 1640 831 a
1669 804 1713 832 se

132 863 202 905 Fr.
227 863 421 904 Toletum
443 876 496 903 ex
517 875 598 916 quo
619 861 720 916 quid
742 862 897 914 negotii
918 863 973 902 sit
993 867 1226 915 cognoscet,
1249 861 1440 902 hortatur
1460 875 1511 903 ne
1531 875 1607 903 suo
1628 861 1713 904 offi-

134 936 198 976 cio
219 934 329 975 desit
348 935 391 974 in
409 947 444 975 s,
468 933 733 975 obedientiae
753 933 905 974 viitute
927 932 1231 986 amplectenda.

133 1001 174 1035 R.
194 1012 251 1043 ap.
273 1000 308 1035 S.
329 1000 370 1034 Ρ.
390 999 479 1034 XIX
496 1000 572 1034 Ian.
595 1001 679 1034 1580
696 999 736 1033 P.
757 1010 815 1033 an.
833 999 926 1034 V111.

131 1108 185 1142 Ib.

214 1217 333 1262 159.⁴
364 1222 587 1260 Mittimus
608 1220 669 1260 ad
688 1232 764 1260 vos
804 1241 827 1246 —
848 1217 968 1269 Greg.
993 1215 1097 1257 XIII
1118 1216 1322 1268 theologis
1343 1220 1385 1257 et
1406 1215 1712 1269 professoribus

132 1288 246 1330 univ.
270 1287 425 1330 Lovan.
449 1287 655 1341 significat
689 1288 801 1328 mitti
830 1301 852 1329 a
889 1301 932 1329 se
967 1287 1035 1328 Fr.
1062 1287 1252 1328 Toletum
1288 1300 1340 1328 ex
1374 1301 1472 1340 quo,
1495 1300 1602 1340 quae
1638 1300 1712 1340 per

132 1373 228 1400 eum
264 1360 331 1412 agi
360 1358 476 1411 velit,
500 1364 777 1411 cognoscent,
816 1372 932 1413 quos,
964 1358 1016 1399 ob
1037 1363 1286 1411 perpetuum
1319 1371 1461 1399 eorum
1502 1357 1709 1398 mandatis

129 1431 371 1484 apostolicis
392 1430 711 1483 obtemperandi
732 1431 918 1471 studium
955 1444 1027 1470 suo
1049 1429 1254 1471 desiderio
1276 1429 1393 1470 nulla
1414 1429 1456 1469 in
1479 1443 1522 1470 re
1544 1429 1709 1470 defutu-

130 1516 197 1545 ros
218 1503 311 1544 scit.

127 1569 173 1604 R.
192 1580 250 1612 ap.
272 1569 307 1603 S.
328 1568 369 1603 P.
389 1567 479 1603 XIX
495 1569 571 1603 Ian.
595 1571 678 1603 1580
698 1568 736 1602 P.
757 1580 815 1602 an.
838 1568 930 1603 VIII.

122 1677 176 1711 Ib.

204 1786 323 1832 160?
348 1794 455 1831 Cum
472 1790 591 1831 allas
604 1790 680 1842 fel.
700 1802 787 1831 rec.
809 1791 932 1829 Pius.
957 1811 982 1816 -
1002 1786 1124 1838 Greg.
1148 1783 1268 1838 XIII,
1286 1785 1354 1826 Fr.
1375 1785 1522 1826 Toleto
1544 1785 1706 1826 concio-

120 1858 257 1899 natori
277 1871 368 1911 suo,
392 1858 461 1900 cui
489 1858 735 1911 gravissima
770 1859 813 1898 in
835 1858 1064 1899 Germania
1093 1858 1260 1910 negotia
1279 1857 1503 1908 commisit,
1526 1856 1704 1897 faculta-

119 1934 205 1971 tem
225 1930 465 1983 impertitur
484 1929 725 1971 absolvendi
762 1942 833 1970 eos
866 1929 938 1982 qui
968 1942 1166 1970 censuras
1196 1941 1270 1982 per
1298 1927 1430 1969 Breve
1460 1927 1524 1968 Pii
1553 1926 1587 1968 V
1618 1927 1702 1968 kal.

116 1999 207 2042 Oct.
234 2001 340 2043 1572
360 2000 467 2042 latas
487 2001 754 2042 incurrerint.

123 2067 166 2101 R.
185 2078 243 2110 ap.
263 2066 299 2102 S.
322 2068 359 2102 P.
379 2068 410 2103 II
428 2067 535 2102 Febr.
556 2069 640 2102 1580
659 2068 698 2101 P.
719 2077 777 2101 an.
800 2065 894 2102 VIII.

118 2176 173 2212 Ib.

198 2285 323 2330 160.3
354 2290 569 2342 Leyz'nzus
588 2292 763 2330 vestras
783 2289 972 2330 litteras.
998 2309 1023 2314 —
1044 2283 1165 2336 Greg.
1191 2282 1295 2325 XIII
1329 2283 1491 2325 consuli
1513 2288 1556 2324 et
1576 2295 1696 2324 sena-

116 2356 178 2397 tui
216 2356 410 2410 Friburgi
448 2357 613 2398 Helvet.
652 2356 953 2398 catholicorum
993 2355 1096 2396 eccl.
1138 2354 1348 2396 libertatis
1387 2353 1696 2406 defensoribus,

115 2427 299 2469 laudatis
320 2428 479 2481 pietate
500 2441 548 2469 ac
568 2427 719 2478 studio,
742 2426 952 2481 significat
973 2426 1024 2467 de
1040 2426 1290 2467 iesuitarum
1305 2425 1480 2479 collegio
1498 2438 1542 2466 se
1558 2424 1694 2478 provi-

115 2493 224 2535 disse
245 2507 351 2547 quae
373 2507 425 2534 ex
447 2498 525 2546 epo
546 2492 779 2535 Vercellen.
804 2492 963 2533 Nuntio
985 2505 1059 2533 suo
1081 2495 1342 2545 cognoscent.

112 2558 157 2594 R.
177 2569 235 2602 ap.
255 2558 292 2594 S.
314 2559 354 2594 P.
375 2559 457 2595 XIII
477 2560 583 2594 Febr.
603 2562 688 2595 1580
707 2560 747 2594 P.
771 2570 829 2593 an.
850 2560 944 2594 VIII.

118 2679 285 2721 Themer,
306 2691 396 2714 ann.
416 2681 498 2715 eccl.
518 2680 567 2715 ad
586 2679 621 2714 h.
640 2691 675 2715 α.
695 2692 732 2714 n.
753 2682 806 2714 37.

193 2800 310 2847 .174.²
340 2808 413 2845 Ex
431 2804 595 2845 litteris
615 2808 719 2845 ιιιῑε.
744 2825 769 2830 -
804 2800 928 2852 Greg.
951 2798 1054 2840 XIII
1075 2799 1200 2840 Petro
1230 2803 1340 2852 patr.
1364 2798 1686 2851 Maronitarum,

110 2885 234 2926 quem
255 2872 306 2913 ob
327 2876 586 2914 constantem
602 2871 745 2923 fidem,
763 2885 816 2913 ex
837 2871 1098 2912 sacerdotum
1114 2871 1378 2912 visitatorum
1394 2870 1550 2911 isthinc
1565 2869 1687 2911 redu-

108 2956 203 2984 cum
230 2956 420 2985 sermone
454 2944 678 2996 cognitam,
710 2943 873 2995 laudat,
894 2942 1072 2983 remittit
1099 2941 1300 2982 Ioannem
1329 2939 1455 2994 Bapt.
1487 2939 1684 2981 Elianum

109 3013 150 3055 S.
174 3013 209 3055 Ι.
234 3015 425 3068 quamvis
456 3013 635 3056 libenter
666 3014 778 3055 hunc
808 3013 1068 3064 retinuisset,
1099 3011 1307 3065 simulque
1335 3011 1501 3053 libellos
1530 3010 1690 3065 aliquot
