1989 3252
90 213 230 257 Pauli
250 212 303 256 V.
759 233 814 239 -
841 209 920 251 287
951 233 1002 240 -—
1542 210 1667 254 1619.

87 297 307 339 Ebrocien.
331 296 462 338 dioec.
487 309 513 337 a
531 295 752 348 Rodulpho
772 295 824 336 de
844 295 961 336 Gazil
995 296 1093 337 cler.
1119 309 1192 336 seu
1215 295 1354 349 presb.
1378 308 1452 348 per
1472 308 1668 347 procura-

87 374 221 410 torem
255 381 377 408 suum
409 367 608 408 Ioannem
642 365 864 407 Marchant
896 367 997 407 cler.
1021 366 1260 407 Pictavien.
1284 367 1513 418 resignatos
1535 380 1544 418 ;
1567 379 1668 419 quo-

87 452 182 480 rum
210 438 318 480 alter
336 437 624 479 conventualis
644 440 686 477 et
706 449 802 477 vere
823 436 1041 488 electivus,
1059 439 1086 477 4
1107 438 1330 477 monachos
1344 436 1425 477 alio
1442 436 1666 478 translatos

88 508 215 550 habet
234 524 243 561 ;
265 508 472 549 secundus
487 508 789 559 conventualis,
809 520 894 548 non
915 508 1117 549 electivus
1132 521 1158 548 a
1173 508 1425 549 monasterio
1442 507 1484 549 S.
1503 507 1667 549 Launo-

89 581 196 621 mari
211 579 374 621 Blesen.
396 592 519 620 nunc.
534 578 582 620 O.
602 577 643 620 S.
663 578 766 619 Ben.
784 579 1007 620 Carnoten.
1027 578 1159 620 dioec.
1179 583 1263 619 tres
1279 579 1504 620 monachos
1519 578 1665 620 habet.

89 650 158 693 Fr.
180 652 236 693 24
255 650 349 693 duc.
373 650 559 692 insimul.

85 717 130 751 R.
149 728 206 760 ap.
227 717 263 752 S.
282 717 331 752 M.
352 718 399 749 M.
420 717 566 751 id.1un.
587 718 673 751 1619
691 716 732 750 Ρ.
752 727 814 750 an.
834 715 915 751 XV.

924 792 1009 835 Rey.
1028 792 1117 827 bull.
1142 792 1179 826 V.
1197 794 1230 828 7.
1256 811 1290 816 —
1308 792 1433 827 Fund.
1452 802 1510 833 pr.
1529 792 1671 826 Franc.

171 904 269 949 227.
303 906 375 946 Aac
401 917 454 946 ea
482 917 540 947 etc
566 904 840 958 apostolicae
866 907 1117 946 servitutis.
1140 925 1166 931 -
1194 901 1315 943 Paul.
1347 900 1400 954 V,
1423 901 1670 955 exponenti-

89 973 167 1015 bus
186 973 348 1015 Ludov.
371 973 476 1014 duce
496 973 547 1014 de
568 973 756 1026 Spernon
778 976 821 1012 et
841 972 989 1026 Praep.
1015 986 1175 1014 necnon
1196 979 1356 1014 rectore
1377 978 1419 1014 et
1438 972 1665 1026 collegiali-

88 1044 166 1085 bus
181 1044 277 1086 coll.
293 1044 335 1086 S.
353 1043 388 1084 Ι.
407 1043 644 1085 Xantonen.
664 1043 829 1084 litteras
852 1044 1016 1085 unionis
1033 1044 1137 1097 (Cfr.
1158 1058 1199 1084 n.
1221 1045 1316 1095 199)
1334 1043 1473 1085 forsan
1490 1043 1666 1097 subrep-

87 1116 212 1157 tionis
231 1149 240 1169 ,
278 1115 533 1167 obreptionis
573 1115 638 1155 vel
678 1114 883 1155 nullitatis
923 1115 1023 1155 vitio
1064 1114 1258 1156 laborare
1279 1147 1287 1166 ,
1330 1119 1377 1155 ut
1410 1114 1663 1168 quibusdam

88 1186 268 1239 videtur,
294 1187 393 1241 quia
426 1185 716 1239 praetenditur
751 1186 982 1239 prioratum
1017 1185 1067 1227 de
1102 1186 1142 1226 la
1179 1185 1368 1227 Tenaille
1403 1199 1492 1227 esse
1530 1184 1668 1226 adhuc

88 1258 313 1300 electivum
346 1263 387 1298 et
421 1257 474 1297 ad
503 1258 830 1298 nominationem
860 1258 967 1310 regis
1002 1263 1208 1310 spectare,
1233 1256 1399 1298 officiali
1419 1256 1665 1298 Xantonen.

89 1329 261 1370 mandat
280 1334 328 1369 ut
347 1342 418 1370 eas
438 1333 685 1382 exequatur,
708 1329 873 1369 etiamsi
893 1329 1005 1369 intra
1025 1342 1183 1369 annum
1198 1329 1317 1369 iuxta
1331 1328 1474 1369 stilum
1495 1327 1665 1369 illarum

89 1401 273 1455 partium
292 1400 545 1441 interinatae
565 1413 648 1440 non
668 1398 841 1440 fuerint.

87 1466 134 1501 R.
152 1478 210 1510 ap.
231 1466 268 1502 S.
286 1467 336 1500 M.
358 1468 406 1498 M.
424 1466 478 1501 IX
494 1465 568 1500 kal.
589 1465 687 1509 Sept.
707 1468 792 1501 1619
811 1465 851 1499 Ρ.
870 1476 929 1499 an.
949 1465 1029 1499 XV.

1350 1542 1437 1586 Rey.
1457 1542 1547 1578 hall.
1575 1542 1613 1580 V.
1634 1546 1665 1579 ὃ.

171 1655 272 1699 228.
307 1659 522 1697 sincerae
549 1655 797 1697 devocionis
826 1656 1032 1709 affectus.
1056 1677 1081 1683 -
1110 1652 1229 1694 Paul.
1260 1652 1294 1693 V
1315 1652 1480 1694 officiali
1513 1653 1664 1706 Hispa-

87 1724 206 1778 lensi,
228 1724 468 1778 petentibus
497 1730 655 1765 rectore
691 1730 732 1766 et
766 1725 949 1765 alumnis
982 1725 1196 1765 seminarii
1227 1723 1509 1765 Hibernorum
1545 1723 1664 1778 Ispa-

88 1796 231 1848 lensis‚
253 1796 424 1837 mandat
443 1799 490 1835 ut
518 1795 734 1848 indulgeat
762 1797 886 1840 certis
906 1795 1183 1848 piscatoribus
1214 1809 1330 1848 prov.
1354 1794 1526 1836 Beticae
1558 1795 1662 1836 alias

88 1866 318 1909 Andalucis
353 1867 688 1908 benefactoribus
718 1867 757 1908 d.
790 1867 884 1909 coll.
909 1870 932 1907 6
968 1866 1115 1908 diebus
1150 1866 1368 1907 dominicis
1402 1866 1467 1907 vel
1504 1866 1665 1907 festivis

88 1951 165 1993 per
192 1952 348 1980 annum
378 1939 532 1991 piscari
561 1938 671 1980 unde
703 1938 954 1980 subveniant
987 1937 1308 1978 necessitatibus
1336 1938 1564 1978 seminarii.
1598 1936 1664 1978 Ad

89 2008 426 2064 quadriennium.

87 2074 133 2111 R.
151 2086 209 2119 ap.
228 2075 265 2111 S.
282 2075 333 2112 M.
352 2075 403 2111 M.
419 2075 474 2112 IX
490 2075 587 2119 Sept.
607 2077 692 2112 1619
708 2075 750 2110 P.
772 2085 831 2110 an.
851 2075 933 2109 XV.

1352 2150 1440 2196 Rey.
1460 2150 1549 2187 buu.
1576 2149 1613 2187 V.
1633 2155 1664 2188 3.

171 2264 273 2311 2729.
307 2270 503 2309 Romam·
530 2266 766 2319 pontificis
786 2264 1097 2321 providentia.
1120 2286 1146 2293 -
1174 2261 1292 2304 Paul.
1330 2260 1382 2315 V,
1418 2261 1659 2315 petentibus

90 2334 189 2377 filiis
227 2337 512 2378 universitatis
546 2339 588 2376 et
625 2334 863 2376 hominibus
901 2332 1042 2388 oppidi
1076 2332 1246 2386 Dolan.,
1284 2331 1456 2374 mandat
1494 2331 1663 2374 officiali

91 2406 298 2450 Bisuntin.
321 2412 369 2449 ut
388 2422 483 2449 cum
503 2408 601 2450 coll.
619 2407 660 2449 S.
680 2406 715 2448 Ι.
739 2420 765 2448 a
783 2405 979 2459 Philippo
1000 2404 1042 2446 Π
1062 2404 1182 2458 Hisp.
1206 2418 1303 2457 rege
1324 2409 1366 2446 et
1385 2405 1536 2446 comite
1557 2403 1660 2445 Bur-

88 2478 269 2531 gundiae
297 2480 341 2520 in
369 2479 411 2521 d.
434 2493 529 2533 opp.
554 2482 692 2520 erecto
726 2478 846 2518 uniat
878 2478 1109 2530 prioratum
1142 2476 1182 2517 S.
1206 2475 1322 2517 Petri
1350 2475 1431 2517 loci
1452 2475 1504 2516 de
1523 2474 1662 2516 Jonhe

87 2562 217 2604 prope
237 2550 277 2593 d.
301 2551 500 2605 oppidum
520 2551 570 2592 O.
594 2550 635 2592 S.
660 2549 763 2591 Ben.
787 2548 995 2590 Bisuntin.
1019 2546 1150 2588 dioec.
1174 2547 1218 2587 in
1247 2547 1449 2588 comitatu
1470 2545 1661 2599 Burgun-=

89 2620 198 2674 diae,
216 2620 269 2663 ad
288 2621 509 2664 Albertum
523 2626 566 2663 et
584 2620 810 2662 Isabellam
829 2619 1024 2660 Austriae
1040 2617 1286 2659 archiduces
1301 2616 1435 2670 Belgii
1449 2617 1663 2670 principes

89 2697 366 2747 spectantem,
396 2707 471 2747 per
490 2693 650 2735 obitum
678 2692 848 2734 Ioannis
868 2689 1185 2744 Archiepiscopi
1206 2686 1476 2730 Cameracen.
1510 2699 1659 2729 vacan-

88 2766 189 2805 tem.
212 2763 281 2805 Fr.
320 2766 396 2806 150
418 2763 513 2805 duc.
545 2764 636 2804 auri
669 2762 720 2803 de
755 2773 861 2802 cam.
895 2759 1081 2801 Accedat
1112 2772 1307 2800 assensus
1340 2759 1580 2812 principum
1617 2761 1658 2798 et

90 2833 186 2877 abb.
219 2835 462 2877 monasterii
493 2833 534 2876 S.
557 2833 671 2876 Petri
703 2832 754 2874 de
788 2831 939 2877 Dalma
971 2829 1021 2871 Ο.
1057 2829 1100 2872 S.
1136 2828 1185 2871 B.
1208 2842 1234 2871 a
1266 2843 1348 2884 quo
1383 2828 1423 2872 d.
1447 2829 1659 2883 prioratus

91 2904 312 2960 dependet.

90 2971 253 3013 Tusculi,
271 2971 319 3007 id.
340 2971 421 3008 Oct.
440 2973 524 3007 1619
541 2970 582 3008 P.
602 2979 661 3005 an.
678 2969 759 3005 XV.

1333 3043 1423 3090 Ray.
1442 3046 1528 3081 bun.
1551 3044 1590 3081 V.
1609 3047 1664 3081 29.
