1989 3252
302 217 476 261 Bened.
501 218 637 262 XIII.
976 242 1031 248 —
1061 224 1142 263 456
1171 247 1226 253 —
1758 230 1890 275 1729.

301 302 540 355 collativae,
578 303 617 345 d.
656 304 828 359 collegio
863 308 1084 361 contiguae
1119 315 1162 351 et
1196 310 1522 364 supellectilium
1557 326 1786 366 sacrorum,
1816 329 1892 368 pro

302 373 407 414 inibi
441 374 684 417 sodalitium
720 378 874 418 civium
910 379 992 431 piis
1027 380 1246 435 colloquiis
1281 384 1563 436 promovendo
1600 390 1641 425 et
1675 399 1749 438 pro
1788 387 1890 440 spir.

302 447 518 488 exercitiis
538 447 759 501 habendis,
783 455 995 493 reservato
1017 457 1158 494 tamen
1188 453 1268 495 sibi
1303 468 1351 496 ac
1388 457 1702 498 successoribus
1735 457 1893 500 directo

303 516 499 559 dominio.

300 583 344 617 R.
364 594 422 626 ap.
444 584 480 618 S.
500 585 548 619 M.
572 585 619 619 M.
643 586 725 622 VIII
742 587 790 621 id.
812 588 906 632 Aug.
930 590 1013 624 1727
1031 590 1072 624 Ρ.
1092 601 1151 624 an.
1170 591 1230 626 IV.

1351 702 1436 743 Κερ-
1456 702 1544 736 bull.
1573 703 1654 736 VII.
1674 706 1894 745 (insertum).

388 805 460 848 10.
496 806 567 847 Aa!
586 820 724 848 aures
745 811 944 848 nostras.
969 831 994 836 —
1029 805 1136 848 Ben.
1172 806 1276 848 XIII
1313 809 1441 861 episc.
1480 814 1522 851 et
1556 811 1833 853 missionariis
1853 812 1897 853 in

305 873 441 926 regnis
471 873 564 915 Ind.
599 874 668 915 Or.
707 874 964 926 Madurensi,
998 876 1285 930 Mayssurensi
1321 884 1364 920 et
1398 880 1645 923 Carnatensi
1680 881 1895 923 decretum

305 943 444 985 Caroli
467 944 544 986 Th.
571 945 621 987 de
644 945 842 988 Tournon
862 949 914 989 23
945 947 1039 990 Ιι111.
1067 949 1172 990 1704
1206 950 1443 1003 confirmat,
1481 951 1696 994 decretum
1730 968 1897 1009 quoque

308 1015 359 1056 de
381 1015 551 1069 Pareas,
574 1017 764 1060 ulteriori
785 1017 989 1061 dilatione
1010 1024 1187 1072 remota,
1211 1022 1368 1063 servari
1389 1024 1607 1077 praecipit.

304 1082 347 1117 R.
367 1093 424 1125 ap.
447 1082 470 1115 S
489 1083 530 1116 P.
554 1083 618 1119 XII
641 1084 722 1118 Dee.
745 1087 830 1119 1727
849 1085 891 1120 P.
911 1096 968 1119 an.
988 1086 1051 1121 IV.

304 1191 406 1225 Ball.
426 1191 472 1225 de
486 1203 544 1235 pr.
564 1193 590 1235 f.
612 1192 683 1227 III.
705 1195 780 1227 172.

389 1314 460 1356 11.
496 1313 543 1353 Α.
571 1311 619 1353 Ρ.
643 1311 693 1354 R.
718 1311 776 1353 M.
804 1321 1014 1359 lm‘uncto
1035 1318 1177 1360 nobis.
1198 1340 1223 1346 -
1240 1315 1343 1358 Ben.
1364 1316 1469 1359 XIII
1491 1318 1677 1361 declarat
1697 1319 1724 1362 S
1758 1320 1793 1362 Ι.
1817 1335 1900 1363 non

305 1383 441 1424 teneri
476 1382 529 1424 ad
565 1383 695 1425 ullam
735 1384 1172 1428 subministrationem
1223 1401 1432 1441 congruae
1472 1392 1792 1433 sustentationis
1831 1392 1898 1433 vel

305 1454 603 1496 alimentorum
624 1454 709 1496 illis
731 1456 803 1510 qui
826 1461 919 1510 post
941 1456 1160 1500 biennium
1181 1460 1409 1501 novitiatus
1430 1461 1672 1505 eiiciuntur.

304 1521 346 1555 R.
367 1532 425 1564 ap.
443 1520 478 1556 S.
500 1521 541 1574 P.
561 1521 647 1557 XIV
667 1522 747 1557 Iun.
769 1525 853 1558 1728
872 1523 913 1558 Ρ.
933 1535 992 1558 an.
1018 1524 1055 1559 V.

306 1637 394 1669 Bull
427 1637 532 1672 Rom.
554 1655 597 1661 —
614 1637 711 1672 Nov.
733 1639 821 1672 bull.
841 1639 876 1674 S.
898 1639 928 1671 I.
949 1642 1026 1675 237.

392 1757 461 1800 12.
495 1755 622 1815 Cong.
640 1760 682 1798 s.
707 1757 776 1799 rit.
803 1762 845 1801 et
865 1759 953 1800 ind.
976 1784 1001 1790 -
1019 1759 1236 1802 Ecclesiae
1253 1761 1294 1803 S.
1314 1761 1501 1815 Gregorii
1518 1762 1559 1804 S.
1578 1761 1609 1803 Ι.
1636 1761 1902 1813 Mexicanae,

310 1825 354 1866 in
375 1839 459 1880 qua
480 1827 675 1880 cappella
698 1829 817 1871 iuxta
837 1830 1017 1872 formam
1040 1845 1071 1872 s.
1098 1831 1246 1874 domus
1269 1832 1534 1875 Lauretanae
1561 1838 1802 1875 constructa
1823 1837 1902 1885 est,

309 1899 469 1950 petenti
485 1901 916 1943 communicationem
935 1903 1123 1945 omnium
1140 1904 1300 1958 indulg.
1319 1909 1362 1946 et
1377 1905 1566 1959 privileg.
1586 1909 1718 1947 sanct.
1740 1904 1903 1957 domuS,

309 1968 504 2010 concedit
524 1970 688 2022 plen-ar.
715 1971 769 2012 ad
795 1974 844 2014 15
867 1986 1000 2015 annos
1023 1975 1066 2015 in
1088 1973 1156 2015 die
1177 1974 1537 2028 AnnuntiationiS‚
1561 1980 1604 2017 et
1633 1977 1712 2017 200
1743 1975 1905 2018 dierum

310 2040 513 2094 quotidie.

310 2109 329 2139 7
348 2107 428 2141 Oct..
449 2110 545 2142 1728.

1759 2222 1906 2257 Bullae.

400 2328 468 2372 13.
505 2324 632 2377 Cong.
668 2341 701 2368 s.
736 2328 807 2368 rit.
846 2332 887 2369 et
914 2328 1002 2370 ind.
1040 2353 1066 2360 —
1103 2329 1151 2371 P.
1190 2328 1413 2372 Franciseo
1444 2329 1666 2372 Nonhardt
1695 2329 1737 2372 S.
1761 2330 1794 2373 Ι.
1833 2344 1907 2384 pro

316 2397 532 2439 sodalibus
554 2397 689 2440 bonae
716 2400 862 2441 mortis
884 2399 1069 2442 Dresdae
1090 2399 1143 2442 ad
1165 2401 1404 2454 cappellam
1426 2402 1585 2455 regiam
1605 2415 1631 2443 a
1659 2416 1754 2456 rege
1784 2402 1905 2444 Polo-

317 2469 412 2510 niae
448 2468 657 2511 Saxoniae
696 2470 803 2512 duce
839 2477 1026 2513 erectam
1061 2473 1221 2526 petenti
1252 2472 1519 2526 privilegium
1548 2473 1695 2515 altaris
1724 2473 1906 2528 aliaque,

318 2540 657 2594 respondendum
678 2550 822 2584 censet
846 2558 853 2583 :
879 2542 959 2584 Pro
979 2544 1114 2596 gratia
1133 2543 1272 2597 quoad
1292 2543 1455 2586 sodales
1479 2544 1713 2587 defunctos.

318 2609 359 2641 22
375 2607 451 2642 Ian.
475 2608 570 2642 1729.

1761 2720 1910 2755 Bullae.

407 2828 474 2871 14.
509 2832 697 2882 Expom'
715 2830 846 2872 nobis
866 2843 1027 2885 nuper.
1055 2853 1080 2860 -
1102 2828 1204 2870 Ben.
1228 2826 1349 2880 XIII,
1373 2828 1612 2882 petentibus
1641 2828 1780 2883 presb.
1805 2828 1846 2871 S.
1871 2828 1904 2870 l.

320 2896 673 2949 gubernatoribus
714 2903 755 2940 et
805 2900 1017 2953 magistris
1056 2900 1195 2941 almae
1235 2898 1477 2941 academiae
1515 2914 1590 2942 seu
1625 2900 1910 2942 universitatis

322 2967 555 3009 studiorum
573 2969 654 3010 civ.
677 2968 905 3021 Vilnensis‚
925 2969 1099 3010 mandat
1118 2974 1197 3024 epo
1222 2969 1388 3012 Vilnen.
1409 2977 1451 3012 et
1474 2971 1569 3013 Sed.
1591 2971 1670 3025 Ap.
1688 2970 1845 3013 Nuntio
1865 2971 1910 3012 in

323 3053 448 3093 regno
471 3039 669 3082 Poloniae
690 3040 890 3082 residenti
912 3046 959 3082 ut
979 3041 1155 3096 exsequi
1175 3046 1219 3083 et
1252 3041 1466 3084 observari
1501 3042 1659 3084 faciant
1691 3042 1909 3084 resolutio-
