1989 3252
74 168 214 213 Pauli
233 168 286 212 V.
737 188 791 195 —-
819 165 898 207 273
929 189 981 194 —
1518 166 1645 210 1615.

73 256 202 296 trium
238 255 457 295 domorum
477 254 764 306 contiguarum
786 253 828 293 in
858 253 1027 293 civitate
1057 252 1230 294 Ianuen.
1255 257 1298 293 et
1317 253 1407 293 vico
1429 252 1479 293 de
1502 251 1645 293 Volta-

74 327 193 368 leone
213 325 318 366 alias
355 325 406 366 de
441 324 643 366 Pettinari
665 329 900 377 nuncupato
936 324 1056 364 iuxta
1085 323 1125 365 d.
1150 323 1319 364 domum
1339 324 1573 377 regularem
1605 328 1647 365 et

9 408 18 422 ‘
75 398 187 438 viam
224 397 275 438 de
311 396 446 449 Burgo
485 395 616 437 Sacho
661 409 822 436 necnon
857 394 965 435 bona
1000 394 1228 447 Angelinae
1262 395 1404 436 uxoris
1439 394 1649 436 Francisci

77 468 197 521 Dogii
231 468 424 519 sitarum,
446 466 599 507 valoris
634 467 677 506 in
710 466 966 519 proprietate
1001 467 1106 506 9000
1136 465 1233 508 libr.
1257 472 1450 507 monetae
1470 465 1645 507 Ianucn.

77 552 283 581 summam
321 540 424 579 1800
459 538 554 579 duc.
587 539 678 579 auri
713 537 764 578 de
799 550 966 578 camera
1000 537 1359 589 constituentium,
1397 542 1440 578 et
1472 550 1647 591 quarum

1 654 10 667 ..
77 624 203 652 unam
220 609 405 663 Philippi
421 610 470 650 de
488 609 706 650 Ambrosio
728 608 805 649 sub
827 611 868 660 6,
888 608 1015 649 aliam
1037 607 1232 649 Andreae
1261 608 1427 649 Passari
1448 608 1650 649 haeredes

75 682 152 724 sub
174 684 214 734 9,
237 686 279 722 et
298 681 479 735 reliquas
499 680 686 722 Barthol.
712 679 948 721 Burlandus
978 679 1054 720 sub
1074 682 1101 720 4
1133 679 1335 720 librarum
1356 680 1505 721 annuis
1526 693 1650 721 cano-

76 753 199 795 nibus
219 754 262 793 in
282 752 591 805 emphyteusim
611 756 858 805 perpetuam
879 751 1085 804 obtinent,
1108 764 1182 804 pro
1202 751 1346 792 eadem
1374 751 1495 792 domo
1530 765 1649 804 regu-

75 825 154 866 lari
173 823 417 877 amplianda
436 824 668 865 confirmet.
725 856 729 858 .

75 891 116 926 R.
136 902 195 934 ap.
215 890 250 924 S.
272 890 320 924 M.
341 890 390 925 M.
410 901 461 933 pr.
482 890 528 923 id.
549 891 642 934 Aug.
666 890 705 924 P.
726 901 784 923 an.
810 889 874 924 XI.

1181 998 1271 1040 Reg.
1292 998 1377 1032 bzcll.
1396 998 1458 1033 IV.
1479 1002 1556 1043 235,
1573 1001 1649 1036 238.

161 1127 257 1171 169.
292 1124 531 1167 Facultates
551 1124 738 1179 patribus
760 1125 922 1166 iesuitis
943 1125 1151 1165 missionis
1172 1123 1405 1177 Ungaricae
1427 1133 1469 1166 et
1499 1126 1648 1168 dioece-

77 1197 133 1238 sis
153 1196 388 1250 Ragusinae
408 1211 433 1237 a
452 1196 582 1238 Paulo
604 1195 640 1237 V
662 1197 704 1237 in
726 1210 864 1249 congr.
890 1195 928 1237 S.
954 1195 1077 1237 officii
1098 1196 1141 1236 in
1161 1195 1318 1249 palatio
1339 1202 1472 1250 apost.
1497 1199 1650 1239 montis

77 1268 305 1318 Quirinalis
324 1268 429 1310 feria
450 1268 500 1321 V,
526 1270 575 1310 10
596 1274 700 1322 sept.
727 1270 831 1309 1615
852 1281 1084 1309 concessae.
1109 1266 1142 1309 Ι.
1167 1267 1290 1309 Card.
1317 1268 1520 1313 veranus.

1227 1401 1315 1444 Rey.
1334 1402 1596 1438 buzc.1V.236.
1617 1403 1652 1437 b.

162 1523 258 1568 170.
291 1529 363 1565 Eae
381 1525 629 1578 pastor-alas
649 1526 798 1576 officii.
821 1546 846 1551 -
871 1521 986 1563 Paul.
1013 1520 1062 1573 V,
1086 1521 1325 1575 petentibus
1348 1521 1539 1576 Philippo
1561 1522 1651 1577 Epo

82 1593 289 1636 Palentin.
314 1598 355 1635 et
375 1593 532 1635 Ioanne
549 1593 598 1634 de
617 1593 759 1634 Monte
782 1593 913 1634 Maior
933 1607 1078 1647 praep.
1103 1593 1347 1646 provinciali
1369 1593 1409 1635 S.
1429 1594 1462 1636 Ι.
1487 1596 1651 1648 provin-

80 1667 169 1708 ciae
189 1664 410 1718 Castellae,
435 1665 604 1706 mandat
625 1664 784 1705 Nuntio
820 1665 929 1705 sedis
959 1670 1093 1718 apost.
1117 1665 1159 1705 in
1193 1666 1329 1718 regnis
1351 1664 1651 1718 Hispaniarum

81 1737 355 1779 commoranti
377 1744 582 1791 quatenus
613 1736 832 1778 confirmet
852 1736 1115 1777 concordiam
1137 1737 1246 1777 inter
1268 1751 1338 1777 eos
1358 1738 1505 1778 initam
1527 1752 1653 1792 super

80 1810 318 1851 visitatione
337 1808 666 1862 capellaniarum
687 1808 888 1849 ecclesiae
909 1808 1072 1861 collegii
1093 1807 1142 1849 de
1165 1807 1414 1860 Villegarsia
1434 1822 1459 1849 a
1480 1809 1647 1863 Magda-

81 1880 177 1923 lena
197 1880 246 1922 de
267 1880 392 1922 Ulloa
414 1880 594 1922 fundati.

80 1948 126 1983 R.
145 1959 202 1991 ap.
223 1947 259 1983 S.
279 1948 328 1982 M.
349 1948 398 1981 M.
418 1947 503 1982 XVI
522 1947 594 1981 kal.
616 1946 694 1981 Oct.
715 1949 799 1982 1615
817 1947 857 1981 P.
877 1958 935 1980 an.
958 1946 1019 1981 XI.

1272 2056 1365 2103 Rey.
1381 2057 1470 2094 bubl.
1490 2058 1556 2095 IV.
1575 2062 1652 2094 244.

165 2179 256 2225 171.
291 2184 418 2225 Decet
438 2187 561 2224 Rom.
588 2182 867 2234 Pontificem.
892 2203 918 2210 -
952 2177 1072 2221 Paul.
1098 2178 1148 2232 V,
1172 2180 1410 2233 petentibus
1433 2180 1651 2222 confratri-

82 2250 158 2293 bus
196 2251 551 2293 confraternitatis
587 2250 637 2292 de
671 2250 957 2292 misericordia
994 2264 1120 2292 nune.
1158 2252 1202 2292 in
1241 2251 1344 2294 eccl.
1382 2266 1456 2307 seu
1490 2252 1651 2305 capella

83 2323 301 2376 hospitalis
333 2336 564 2376 pauperum
600 2322 727 2363 etiam
758 2321 808 2363 de
839 2322 1122 2363 misericordia
1142 2324 1373 2376 nuncupati
1395 2322 1587 2365 Toletan.
1611 2329 1653 2365 et

83 2396 320 2449 praeposito
355 2395 501 2436 domus
534 2393 640 2448 prof.
679 2394 721 2435 S.
753 2393 787 2434 I.
825 2392 1014 2435 Toletan.
1052 2392 1224 2436 mandat
1257 2394 1423 2435 officiali
1452 2394 1653 2437 Toletano

84 2471 290 2521 quatenus
304 2467 523 2508 confirmet
537 2466 903 2519 permutationem,
922 2478 996 2518 pro
1013 2465 1173 2506 fabrica
1195 2465 1236 2507 d.
1259 2466 1405 2507 domus
1426 2466 1652 2520 professae,

84 2537 251 2580 aedium
270 2537 384 2579 Petri
417 2537 522 2579 Laso
556 2536 664 2579 Nino
685 2536 736 2578 de
765 2536 928 2590 Lavega
948 2542 990 2577 et
1009 2535 1196 2578 Gusman
1216 2538 1379 2578 comitis
1409 2537 1459 2579 de
1481 2538 1609 2580 Arcos
1631 2552 1653 2580 e

85 2614 307 2662 conspectu
329 2609 368 2651 d.
392 2608 608 2663 hospitalis
628 2622 653 2649 a
674 2607 713 2649 d.
734 2608 887 2650 comite
908 2608 1033 2649 Petro
1054 2609 1374 2650 coemendarum
1397 2616 1438 2650 et
1459 2623 1655 2667 quarum-

86 2678 181 2721 dam
197 2679 378 2731 aedium,
397 2692 501 2733 quas
516 2677 687 2720 Giamar
705 2678 756 2719 de
772 2677 963 2719 Meneses
978 2678 1131 2719 mulier
1150 2677 1353 2720 Toletana
1367 2679 1410 2719 in
1426 2678 1468 2721 d.
1486 2680 1654 2722 civitate

87 2756 128 2792 et
147 2765 231 2804 reg.
255 2750 298 2795 S.
318 2750 495 2792 Romani
510 2754 752 2804 nuncupata
766 2751 868 2790 sitas
884 2749 924 2791 (1.
944 2749 1141 2803 hospitali
1156 2750 1255 2791 olim
1272 2749 1460 2803 dederat,
1478 2764 1654 2805 quarum

86 2821 201 2863 valor
219 2823 263 2863 in
283 2822 536 2875 proprietate
559 2823 688 2863 12000
710 2821 823 2874 duc.,
846 2826 887 2862 et
906 2820 1065 2862 fructus
1086 2822 1213 2862 annui
1236 2823 1313 2863 155
1335 2821 1430 2863 duc.

86 2887 131 2922 R.
151 2899 208 2932 ap.
229 2887 265 2922 S.
284 2888 334 2923 M.
352 2889 402 2924 M.
420 2899 471 2931 pr.
491 2887 565 2922 kal.
587 2888 665 2924 Oct.
687 2890 771 2923 1615
789 2888 831 2922 Ρ.
851 2898 910 2922 an.
931 2887 993 2923 XI.

1295 2986 1384 3031 Ray.
1404 2985 1492 3021 bun.
1510 2986 1575 3020 JV.
1594 2988 1672 3024 240.
