1989 3252
128 252 262 296 Alex.
287 253 390 297 VII.
799 277 852 282 —
882 253 960 293 373
995 278 1039 283 -
1578 254 1705 297 1659.

208 341 281 384 43.
313 338 461 392 Congr.
486 340 527 381 S.
553 338 639 382 Rit.
663 364 689 370 -
715 339 931 382 Colonien.
959 341 1154 381 Patribus
1177 339 1219 383 S.
1256 340 1290 382 Ι.
1329 353 1423 393 opp.
1460 338 1706 380 Dusseldor-

127 411 284 464 piensis
304 409 544 451 nullatenus
564 410 777 464 prohiberi
797 424 919 464 posse
950 413 1050 465 quin
1071 426 1146 465 per
1179 413 1268 453 vias
1303 412 1363 453 eis
1401 410 1454 452 ab
1490 410 1709 452 Ordinario

126 494 344 523 concessas
364 482 648 534 processiones
669 480 867 534 dirigant.

127 550 146 582 7
162 549 247 582 Dec.
269 548 364 581 1658.

132 670 358 712 Gardellini‚
379 674 476 706 1945.

210 794 284 834 44.
316 797 368 833 In
383 796 621 846 potestatis
637 793 938 846 plenz'cwlz‘ne.
962 816 988 821 —
1010 792 1130 833 Alex.
1156 792 1252 844 VII,
1276 796 1444 845 petente
1475 796 1577 833 rect.
1610 791 1707 832 coll.

129 860 443 902 Claromontani
463 860 602 913 presb.
627 860 666 901 S.
680 860 714 902 I.
729 862 772 901 in
793 862 974 903 univers.
999 862 1198 903 Parisien.
1220 864 1364 913 erecti,
1384 863 1493 903 unde
1514 862 1708 916 frequen·-

129 937 192 973 ter
230 932 414 984 religiosi
462 932 714 972 emittuntur
761 932 812 972 ad
867 932 1194 985 praedicandum
1236 933 1425 973 barbaris
1464 932 1704 974 nationibus

129 1003 390 1055 evangelium
412 1001 504 1054 Dei,
527 1002 699 1043 mandat
720 1002 885 1043 officiali
908 1003 1212 1055 Rothomagen.
1232 1008 1278 1044 ut
1299 1017 1393 1044 cum
1411 1003 1450 1044 d.
1474 1003 1570 1044 coll.
1588 1004 1708 1044 uniat

130 1075 359 1126 prioratum
386 1078 594 1125 curatum,
617 1087 701 1114 non
735 1075 1069 1126 conventualem,
1091 1074 1133 1116 S.
1157 1075 1331 1116 Martini
1363 1075 1412 1116 de
1447 1074 1709 1127 Gargenville

130 1144 179 1185 O.
217 1143 257 1185 S.
297 1145 347 1185 A.
386 1157 481 1184 can.
518 1157 602 1196 reg.
638 1143 941 1197 Rothomagen.
980 1145 1112 1186 dioec.
1138 1159 1162 1186 a
1197 1145 1392 1199 Philippo
1415 1145 1466 1186 de
1487 1144 1710 1197 Mallepart

129 1228 223 1256 can.
245 1228 330 1267 reg.
355 1214 395 1256 d.
419 1213 517 1256 Ord.
552 1218 594 1255 et
628 1215 764 1268 priore
802 1229 874 1268 per
908 1216 1082 1268 Graspar.
1122 1215 1266 1257 Hache
1302 1216 1400 1257 cler.
1440 1215 1710 1268 coniugatum

129 1286 325 1327 Leodien.
348 1291 662 1338 procuratorem
683 1288 938 1339 resignatum
961 1287 1030 1339 (fr.
1056 1289 1109 1328 24
1125 1287 1240 1339 duc.)
1257 1300 1282 1328 a
1300 1288 1487 1341 prioratu
1515 1285 1556 1327 S.
1588 1285 1710 1327 Ioan-

130 1359 194 1398 nis
214 1357 373 1410 Evang.
397 1357 448 1399 de
482 1358 653 1399 Aurelio
689 1358 728 1399 d.
768 1358 864 1399 Ord.
906 1358 1167 1400 Lemovicen.
1207 1358 1342 1399 dioec.
1381 1357 1701 1410 dependentem.

130 1427 313 1469 Accedat
334 1441 558 1469 cousensus
577 1434 678 1469 rect.
718 1429 812 1470 coll.
850 1429 891 1470 S.
930 1429 949 1469 Ι
1003 1430 1070 1469 cui
1106 1430 1314 1482 prioratus
1349 1427 1541 1468 ultimod.
1566 1428 1710 1468 unitus

131 1499 225 1540 fuit.
265 1498 433 1540 Vicaria
465 1513 582 1553 perp.
618 1499 844 1552 erigenda,
880 1499 920 1541 d.
946 1499 1137 1553 Philippo
1174 1501 1321 1553 pensio
1348 1501 1427 1540 800
1449 1498 1544 1541 libr.
1567 1503 1709 1542 turon.

133 1569 398 1612 reservanda.

132 1637 174 1669 R.
193 1647 253 1678 ap.
273 1635 308 1670 S.
331 1636 378 1669 M.
399 1636 448 1670 M.
468 1636 533 1671 VlI
549 1635 597 1670 id.
619 1637 724 1670 Febr.
748 1639 830 1672 1658
850 1637 890 1671 Ρ.
910 1648 967 1671 an.
988 1637 1048 1672 IV.

1327 1757 1418 1800 Rey.
1437 1757 1526 1793 buci.
1555 1756 1614 1789 VI.
1636 1758 1712 1791 160.

209 1894 283 1937 45.
316 1891 365 1932 A.
403 1891 451 1932 F.
487 1891 536 1933 R.
562 1891 619 1934 M.
642 1895 825 1949 Euspena·
845 1894 972 1935 nohis
993 1906 1154 1947 nuper.
1187 1916 1213 1921 —
1242 1891 1364 1932 Alex.
1385 1880 1502 1943 ‘V11‚
1541 1894 1711 1943 petente

128 1968 288 2005 rectore
309 1963 402 2004 coll.
425 1976 669 2015 graecorum
689 1962 740 2003 de
762 1961 890 2014 Urbe,
914 1963 1003 2002 eius
1025 1961 1215 2002 alumnos
1235 1961 1288 2001 ab
1311 1961 1578 2003 observantia
1598 1963 1702 2002 ritus

128 2035 266 2087 graeci
286 2035 329 2074 in
345 2034 513 2075 ieiuniis
532 2039 574 2074 et
593 2032 848 2074 abstinentia
882 2032 1061 2073 absolvit
1096 2032 1308 2086 ritumque
1344 2032 1526 2074 latinum
1560 2033 1604 2073 in
1638 2033 1703 2073 his

130 2118 297 2146 servare
317 2105 539 2158 praecipit.

129 2171 160 2204 R
191 2181 249 2214 ap.
268 2170 304 2205 S.
324 2171 374 2205 M.
392 2171 442 2205 M.
462 2170 529 2204 XV
547 2170 634 2204 Feb.
655 2172 739 2204 1659
757 2170 796 2203 Ρ.
818 2180 875 2202 an.
899 2168 957 2202 IV.

128 2290 230 2324 Ball.
254 2290 358 2325 Rom.

210 2410 281 2452 46.
312 2407 364 2448 A.
388 2406 434 2447 F.
457 2406 506 2448 R.
531 2406 589 2448 M.
612 2413 688 2449 Eae
706 2409 938 2449 commnissc'
955 2408 1097 2449 nobes.
1121 2431 1147 2436 -
1171 2406 1290 2447 Alex.
1318 2405 1394 2447 VII
1416 2420 1488 2459 pro
1519 2406 1693 2459 collegio

127 2483 262 2531 apost.
288 2478 498 2518 minorum
532 2477 947 2531 poenitentiariorum
969 2476 1009 2517 S.
1048 2476 1204 2518 Domus
1238 2476 1502 2518 Lauretauae
1538 2477 1696 2518 dudum

126 2562 199 2602 pro
223 2550 271 2589 19
293 2548 430 2601 presb.
455 2549 499 2590 S.
521 2547 555 2589 I.
579 2552 718 2589 erecto
739 2546 904 2600 ordinat
924 2548 1055 2588 varia.

125 2615 170 2650 R.
189 2626 246 2658 ap.
269 2615 304 2649 S.
326 2615 371 2647 M.
391 2615 440 2649 M.
460 2615 563 2650 XXII
583 2615 689 2648 Febr.
711 2617 794 2649 1659
814 2614 852 2647 P.
873 2625 931 2647 an.
950 2614 1010 2648 IV.

127 2730 226 2762 Bull.
246 2729 352 2763 Rom.
1445 2728 1596 2763 Elenclt.
1616 2729 1704 2762 buil.

209 2851 282 2893 47.
313 2848 363 2889 Α.
400 2847 447 2888 Ρ.
484 2846 535 2888 R.
570 2845 628 2887 M.
662 2853 714 2889 In
733 2852 877 2902 apost.
899 2848 1142 2902 rlz'ynz'catz‘s
1160 2848 1370 2903 fastz'yc'o.
1402 2871 1428 2877 —
1462 2847 1583 2889 Alex,
1623 2846 1704 2888 VII

126 2919 346 2971 collegium
367 2919 573 2959 minorum
592 2918 1009 2970 poenitentiariorum
1029 2916 1229 2958 basilicae
1248 2917 1454 2971 Principis
1477 2918 1699 2971 Apostolo-

124 3002 219 3030 rum
239 2989 290 3030 de
310 2988 440 3041 Urbe,
463 3002 489 3029 a
508 2987 581 3029 Pio
603 2987 638 3029 V
659 3001 732 3041 pro
758 2988 920 3041 aliquot
949 2987 1202 3041 presbyteris
1236 2987 1277 3029 S.
1310 2987 1345 3029 I.
1380 2993 1578 3039 erectum,
1601 3002 1699 3030 con-

126 3059 280 3112 firmat,
303 3059 607 3101 habitationem
635 3062 677 3100 et
709 3058 894 3100 redditus
928 3060 1127 3112 assignat,
1162 3059 1383 3112 collegium
1419 3060 1696 3113 apostolicum
