1989 3252
266 217 408 260 Clem.
432 216 494 259 X·
938 239 993 245 —
1021 216 1100 255 396
1132 236 1186 240 —
1718 209 1850 253 1673.

265 303 426 356 possint
442 302 622 342 sicut....
639 299 679 341 d.
701 303 725 342 5
742 300 833 343 Ian.
854 302 958 343 16’73
972 301 1067 353 (cfr.
1080 316 1120 342 n.
1137 302 1261 351 39)...
1280 299 1323 341 S.
1339 298 1381 340 S.
1399 298 1578 350 benigne
1593 295 1814 338 concessit.
1827 319 1854 325 —

266 373 316 414 V.
342 372 466 414 Card.
492 371 739 426 Carpineus.
765 397 790 403 -
814 372 861 414 B.
885 372 1065 414 Casilius
1087 387 1105 414 s
1143 386 1177 414 r.
1201 372 1246 413 C.
1272 383 1375 412 secr.

261 443 303 475 29
319 440 396 475 Ian.
419 441 514 473 1673.

1434 546 1524 589 Rey.
1544 544 1632 578 hun.
1663 543 1718 577 VI.
1737 545 1801 577 266
1819 543 1853 575 b.

347 671 422 713 42.
453 667 558 708 Cum
580 666 686 708 alias
707 665 774 708 die
795 669 819 708 5
848 666 939 708 Ian.
966 667 1087 719 1673,
1110 666 1180 708 SS.
1206 666 1257 707 D.
1279 665 1332 707 N.
1356 664 1549 707 Clemens
1569 663 1607 704 X
1629 662 1852 704 indulserit

265 744 312 780 ut
333 739 574 792 provinciae
596 738 637 780 S.
662 737 698 779 I.
721 738 774 779 ad
805 739 1037 792 Hispaniae
1067 738 1353 780 assistentiam
1383 737 1641 789 pertinentes
1662 734 1792 776 semel
1812 734 1858 774 in

264 810 388 852 hebd.
414 811 585 851 missam
622 815 664 851 et
699 808 768 852 off.
794 810 844 851 de
881 810 922 852 S.
956 810 1048 863 Ign.
1073 810 1288 851 celebrare
1323 813 1365 850 et
1393 808 1572 849 recitare
1605 806 1807 847 valeant..
1835 821 1844 846 ε

264 896 374 923 nunc
396 896 493 923 vero
526 882 673 924 eadem
699 881 740 924 S.
764 881 826 934 S.,
849 882 1116 936 supplicante
1137 885 1406 936 procuratore
1427 893 1523 933 gen.
1547 878 1680 932 praef.
1705 877 1854 919 Soa...

265 954 470 995 concessit
505 958 553 994 ut
588 954 717 995 etiam
753 955 995 1007 provinciae
1026 954 1068 996 S.
1102 953 1138 995 I.
1171 952 1224 994 ad
1259 953 1399 994 assist.
1443 950 1695 992 Germaniae
1729 949 1859 1002 perti-

264 1030 464 1066 nentes...
491 1025 675 1066 valeant.
700 1023 751 1066 V.
775 1023 899 1066 Card.
926 1024 1173 1077 Carpineus.
1196 1022 1244 1064 B.
1269 1021 1450 1064 Casilius
1471 1037 1502 1063 s.
1528 1036 1563 1063 r.
1589 1021 1635 1063 C.
1661 1034 1767 1062 secr.

261 1094 304 1127 29
323 1091 400 1126 Ian·
425 1093 518 1126 1673.

1479 1198 1568 1242 Ray.
1588 1198 1680 1232 bun.
1709 1198 1765 1232 VJ.
1784 1199 1860 1232 267.

351 1324 426 1367 43.
460 1321 510 1363 A.
545 1320 591 1363 P.
625 1320 676 1362 R.
700 1318 760 1362 M.
788 1323 996 1364 creditae
1015 1323 1144 1364 nobis
1163 1323 1364 1364 coelitus.
1388 1344 1414 1350 —
1434 1318 1565 1361 Clem.
1598 1317 1637 1359 X
1670 1317 1859 1372 prohibi-

269 1395 426 1435 tionem
448 1394 533 1434 iam
555 1393 713 1434 factam
735 1391 888 1434 edendi
921 1391 973 1433 de
993 1391 1264 1433 missionibus
1284 1391 1415 1433 libros
1436 1391 1595 1445 absque
1615 1390 1657 1432 S.
1681 1389 1859 1443 Congre-

267 1466 449 1519 gationis
472 1466 524 1506 de
545 1478 716 1518 propag.
737 1464 820 1505 fide
842 1464 984 1516 venia,
1002 1463 1080 1505 sub
1104 1464 1554 1505 excommunicationis
1575 1475 1711 1516 poena
1733 1460 1861 1502 edicit

268 1542 400 1591 utque
422 1541 663 1590 praesentes
699 1536 864 1577 litteras
900 1536 942 1576 in
970 1535 1168 1589 capitulis
1202 1535 1284 1588 legi
1305 1535 1531 1589 quotannis
1552 1538 1715 1586 curent,
1738 1546 1860 1586 supe—

269 1609 400 1650 riores
422 1608 607 1649 cuiusvis
629 1607 815 1660 Ordinis,
840 1608 970 1649 etiam
991 1607 1031 1649 S.
1056 1607 1109 1659 1.,
1131 1607 1262 1649 iubet.

266 1675 308 1709 R..
327 1685 387 1718 ap.
408 1674 445 1708 S.
463 1676 514 1710 M.
535 1674 584 1708 M.
605 1675 655 1710 VI
672 1675 759 1717 Api‘.
783 1677 866 1709 1673
884 1673 925 1707 P.
945 1684 1003 1707 an.
1023 1673 1087 1709 III.

265 1786 371 1831 Bull.¹
389 1796 496 1832 Rom.
514 1814 557 1821 —
575 1796 677 1840 Bull.
695 1799 739 1830 de
751 1807 862 1840 prop.
883 1796 956 1840 fide
976 1796 1008 1836 Ι,
1028 1798 1103 1831 417.
1601 1791 1752 1827 Elench.
1773 1793 1860 1826 bull.

349 1920 424 1962 44.
457 1924 718 1973 Praecipua
741 1923 991 1961 enimvero.
1023 1940 1048 1946 -
1070 1913 1202 1956 Clem.
1227 1914 1282 1967 X,
1301 1913 1606 1966 sacerdotibus,
1628 1911 1866 1954 catechistis

269 1993 312 2030 et
332 1988 572 2030 christianis
593 1987 805 2029 Tunchini
829 1992 872 2028 et
892 1987 1143 2028 Cocincinae
1166 1986 1217 2028 de
1239 1986 1443 2040 praestita
1464 1985 1594 2027 bullis
1622 1983 1867 2038 praedeces-

267 2073 409 2102 sorum
431 2059 570 2114 quoad
591 2059 784 2101 Vicarios
805 2060 952 2113 Apost.
991 2059 1237 2100 obedientia
1266 2057 1467 2111 laudatis,
1500 2057 1674 2099 dubium
1704 2056 1866 2109 aliquo-

268 2145 361 2172 rum
384 2131 435 2172 de
458 2131 582 2172 Brevi
605 2130 839 2172 Alexandri
863 2130 944 2171 VII
977 2144 1047 2172 an.
1074 2132 1181 2171 1664
1211 2129 1263 2171 ad
1294 2129 1340 2171 P.
1375 2129 1586 2170 Marinum
1617 2127 1658 2169 S.
1691 2127 1726 2170 I.
1759 2126 1864 2177 dati,

268 2216 349 2256 quo
381 2202 788 2244 commendabantur
825 2202 864 2243 d.
903 2201 944 2244 S.
984 2207 1125 2255 patres
1160 2206 1361 2254 tanquam
1398 2199 1561 2253 antiqui
1594 2197 1862 2247 missionarii,

267 2274 407 2326 solvit,
431 2274 537 2315 nihil
559 2274 603 2314 in
625 2287 674 2315 eo
696 2272 964 2315 Vicariorum
987 2273 1264 2314 iurisdictioni
1289 2272 1453 2313 detrahi
1475 2270 1731 2324 significans.

267 2340 309 2374 R.
328 2351 385 2383 ap.
406 2340 441 2375 S.
464 2340 513 2374 M.
536 2340 584 2373 M.
604 2341 637 2375 X
657 2340 746 2373 Nov.
769 2342 851 2375 1673
870 2340 909 2374 P.
929 2339 1071 2375 an.1V.

269 2462 368 2495 Bau.
389 2461 435 2495 de
450 2472 608 2505 propag.
629 2462 713 2505 fide.
736 2462 767 2494 I.
789 2464 864 2496 422.
1602 2455 1753 2490 Elench..
1773 2454 1863 2488 bull.

353 2583 426 2627 45.
458 2581 508 2622 A.
532 2580 579 2623 F.
604 2580 656 2622 R.
680 2581 739 2621 M.
765 2584 895 2624 Illius
931 2588 1010 2636 qm?
1043 2584 1250 2624 charitas
1282 2585 1357 2622 est.
1381 2604 1406 2609 —
1428 2577 1559 2619 Clem.
1578 2577 1631 2629 X,
1650 2576 1863 2617 divisioni-

270 2652 348 2694 bus
382 2653 493 2693 inter
527 2652 779 2693 christianos
811 2651 1119 2703 Tunkinenses,
1151 2650 1530 2692 Gochinchinenses
1556 2649 1744 2702 aliosque
1774 2661 1861 2688 me-

271 2723 387 2774 dens,
412 2727 527 2764 vetat
548 2724 859 2764 ecclesiasticos
891 2723 1130 2764 saeculares
1161 2735 1321 2763 necnon
1351 2721 1564 2773 regulares
1593 2720 1719 2760 etiam
1750 2717 1789 2759 S.
1823 2717 1858 2759 I.

271 2794 435 2836 litteras
466 2794 754 2847 deputationis
781 2795 822 2835 in
844 2793 1060 2835 Vicarium
1091 2793 1346 2846 generalem,
1377 2793 1443 2832 vel
1465 2792 1683 2833 foraneum
1705 2803 1794 2841 seu,
1817 2792 1863 2829 ut

271 2866 408 2918 aiunt,
432 2866 484 2907 de
506 2865 620 2906 Vara
640 2866 901 2906 visitatorem
925 2865 1131 2918 accipere,
1155 2865 1220 2905 vel
1242 2865 1294 2905 iis
1314 2864 1390 2905 uti.

273 2931 315 2966 R.
335 2943 393 2974 ap.
414 2932 450 2966 S.
471 2932 522 2967 M.
543 2932 590 2965 M.
612 2931 734 2966 XXIII
752 2931 836 2965 Dec.
860 2933 944 2966 1673
962 2931 1003 2965 P.
1023 2942 1082 2964 an.
1100 2931 1160 2966 IV.

274 3040 377 3077 Ball.
394 3041 501 3075 Rom.
521 3059 563 3065 —
582 3041 681 3075 Bull.
703 3042 748 3076 de
763 3052 923 3085 propag.
942 3042 1017 3085 fide
1033 3041 1064 3074 I.
1085 3043 1148 3074 442
1606 3035 1756 3070 Elench.
1776 3034 1863 3068 bun.
