1989 3252
83 257 225 303 Clem.
246 258 330 301 XI.
739 281 794 286 —
820 258 902 297 435
932 280 985 285 -
1527 257 1654 300 1707.

83 344 255 397 lippinis
275 343 469 384 reducem
499 341 813 383 commendatae
844 349 886 383 et
921 356 1045 394 nunc,
1069 341 1214 382 eodem
1255 342 1476 393 referente,
1501 356 1525 382 a
1560 355 1658 394 rege

84 418 302 467 provectae
321 429 330 465 3
352 412 559 454 confidere
580 427 624 454 se
644 426 695 454 ea
714 426 821 466 quae
842 412 953 452 idem
974 412 1190 464 religiosus
1211 413 1273 452 vir
1293 413 1532 464 provinciae
1553 426 1654 452 suae

84 484 251 525 nomine
271 486 468 535 expetere
491 483 614 524 isthic
634 482 775 535 debet,
798 483 905 535 regis
925 483 1179 523 auctoritate
1201 481 1458 535 perficienda
1479 495 1589 523 esse.

85 548 128 583 R.
147 548 256 583 XXX
273 549 359 590 Apr.
381 551 464 583 1706
481 548 521 582 Ρ.
541 558 600 583 an.
623 549 683 583 VI.

90 658 198 692 Clem.
217 657 283 692 XI.
303 661 406 702 epist.

169 768 241 811 38.
274 765 315 808 S.
337 766 487 819 Congr.
510 765 633 807 Cone.
653 789 678 796 —
700 764 953 806 Melevitana
973 765 1199 806 seminarii.
1224 764 1289 804 An
1311 765 1367 805 sit
1388 765 1666 816 reintegran--

88 836 186 878 dum
213 836 267 878 ad
296 836 500 878 beneficia
529 837 635 878 alias
664 836 745 877 sibi
774 836 894 877 unita
924 840 965 877 et
985 835 1038 876 ad
1068 835 1398 876 contributiones
1433 839 1475 875 et
1510 834 1669 876 emolu-

89 913 230 948 menta
262 907 435 960 collegio
468 907 509 949 S.
532 906 566 948 Ι.
591 907 802 961 applicata
836 908 878 946 in
910 920 1025 947 casu.
1059 930 1085 936 -
1115 908 1151 957 Β)
1178 903 1260 946 Aff.
1294 918 1367 958 pro
1398 918 1508 945 nunc
1531 906 1670 958 quoad

89 981 116 1019 4
132 978 266 1020 benef.
286 980 420 1032 primo
437 978 527 1020 loco
544 979 677 1020 unita.

90 1047 128 1079 31
150 1046 215 1078 Iul.
243 1047 335 1079 1706.

92 1153 202 1187 Ανιαί.
222 1152 300 1184 [ur.
323 1152 432 1185 Pom.
455 1151 520 1186 IX.
541 1154 616 1186 624.

175 1261 247 1306 39.
280 1266 404 1304 Inter
422 1266 482 1303 lot
502 1275 652 1303 etwas.
678 1284 703 1290 -
723 1259 853 1301 Clem.
874 1259 933 1300 XI
955 1260 1104 1301 Carolo
1126 1258 1205 1301 Th.
1231 1259 1504 1301 Patriarchae
1528 1260 1672 1301 Antio-

95 1332 227 1373 cheno
250 1333 290 1372 in
308 1330 502 1372 Sinarum
523 1345 572 1372 ac
592 1331 686 1372 aliis
720 1330 812 1373 Ind.
847 1331 916 1373 Or.
955 1332 1146 1384 partibus
1185 1330 1404 1373 Visitatori
1442 1333 1672 1385 apostolico

96 1402 293 1455 gaudium
328 1416 450 1443 suum
485 1401 693 1455 significat
727 1417 779 1443 ex
815 1403 965 1443 litteris
1001 1405 1052 1444 20
1088 1403 1203 1456 Sept.
1227 1417 1249 1443 o
1288 1402 1541 1444 Xao-cen-fu
1571 1402 1679 1443 datis

99 1480 358 1527 perceptum,
383 1473 534 1527 quibus
555 1475 721 1515 nuntiat
741 1488 784 1515 se
819 1488 844 1515 a
881 1474 1075 1515 fidelibus
1110 1475 1201 1514 istis
1237 1480 1278 1514 ot
1315 1474 1366 1514 ab
1406 1473 1680 1526 optimatibus

99 1545 219 1585 istius
254 1545 419 1596 imperii
456 1545 620 1585 insueta
655 1544 886 1586 devotionis
921 1552 964 1586 et
1000 1546 1171 1585 honoris
1207 1544 1515 1597 significatione
1550 1544 1678 1584 fuisse

100 1622 333 1668 receptum,
356 1615 409 1656 ad
435 1616 698 1668 imperatoris
732 1616 872 1657 aulam
909 1622 1054 1670 parato
1091 1616 1170 1655 sibi
1207 1614 1322 1656 aditu
1361 1630 1434 1668 pet·
1468 1615 1682 1667 religiosos

103 1687 145 1728 S.
169 1686 202 1728 Ι.
227 1687 298 1740 qui
321 1699 468 1739 magno
490 1688 533 1727 in
554 1686 596 1728 id
617 1687 754 1728 studio
776 1687 1070 1728 incubuerunt.

104 1756 121 1787 l
138 1753 214 1787 Ian.
236 1754 333 1787 1707.

108 1861 218 1894 Clem.
238 1859 304 1895 XI.
324 1865 427 1905 epist.

190 1972 266 2014 40.
305 1971 468 2012 Paucis
488 1971 569 2011 aba*
589 1978 874 2024 ‹’.1:p011e'›>21cs.
913 1994 937 1998 —
973 1969 1103 2010 Clem.
1140 1968 1199 2009 XI
1236 1968 1493 2021 Inghilbex·to
1535 1967 1691 2009 Biscoff

108 2039 148 2081 S.
174 2039 208 2080 Ι.
232 2037 350 2080 Caes.
375 2040 537 2080 maiest.
561 2040 815 2081 confessario
836 2039 1019 2081 dolorem
1041 2054 1162 2081 suum
1179 2039 1387 2092 significat
1403 2039 1516 2093 quod
1537 2040 1684 2080 haere-

107 2112 181 2151 tici
202 2111 273 2164 qui
294 2111 337 2151 in
362 2110 485 2151 Italia
500 2123 585 2151 non
605 2112 799 2163 exiguam
821 2112 1005 2152 caesarei
1022 2112 1233 2152 exercitus
1256 2116 1415 2163 partem
1437 2111 1679 2161 conficiunt,

111 2181 281 2222 inficere
302 2180 446 2222 fideles
468 2186 617 2234 parant
637 2198 646 2229 ;
669 2182 869 2221 monitam
906 2180 956 2221 de
992 2181 1056 2220 his
1086 2181 1215 2222 fuisse
1249 2180 1366 2222 Caes.
1392 2182 1655 2222 maiestatem
1678 2196 1686 2232 ;

111 2252 376 2293 commendat
395 2258 441 2292 ut
462 2251 628 2305 dignam
649 2265 723 2293 suo
744 2252 850 2303 loco,
874 2252 917 2291 in
938 2252 1015 2291 hac
1037 2265 1179 2303 causa,
1203 2252 1417 2305 impendat
1438 2265 1625 2305 operam.

112 2317 158 2350 R.
177 2317 282 2352 XXII
299 2317 376 2351 [an.
397 2319 492 2352 1707.
512 2318 552 2351 P.
571 2329 630 2352 an.
653 2317 727 2352 VH.

117 2424 228 2460 Clem.
248 2424 314 2459 XI.
334 2429 438 2469 epist.

181 2528 266 2579 41.
298 2534 537 2576 Facultates
557 2547 792 2575 concessae.
816 2533 865 2574 In
886 2534 1012 2575 solita
1029 2534 1247 2575 audientia
1264 2547 1337 2587 per
1354 2533 1402 2574 R.
1425 2533 1473 2575 D.
1500 2533 1691 2576 Assesso-

119 2619 207 2648 rem
227 2605 268 2648 S.
294 2605 408 2648 Off...
432 2606 592 2657 habita,
615 2606 748 2647 relata
769 2606 1021 2646 instantia...
1048 2604 1094 2646 P.
1118 2604 1289 2646 Ioannis
1325 2604 1375 2646 de
1411 2603 1552 2656 Bruyn
1589 2604 1631 2646 S.
1655 2604 1690 2646 I.

120 2676 253 2729 praef.
276 2677 519 2717 missionum
541 2677 583 2716 in
603 2675 722 2717 Prov.
750 2675 881 2728 Belgii
910 2674 1150 2726 foederatis,
1174 2673 1219 2715 S.
1242 2673 1282 2715 S.
1318 2674 1533 2715 renovavit
1562 2674 1696 2714 facul-

120 2751 280 2789 tates...
303 2747 356 2789 ad
375 2747 490 2789 aliud
508 2747 749 2788 triennium.
775 2745 872 2798 (Cfr.
902 2760 941 2787 n.
966 2747 1036 2798 21)
1056 2770 1082 2775 —
1104 2745 1187 2786 Ios.
1212 2745 1424 2796 Bartolus,
1451 2748 1537 2785 not.

121 2813 163 2847 F.
179 2816 199 2846 4
217 2813 274 2847 die
290 2816 331 2848 23
349 2814 455 2848 Mart.
474 2813 569 2848 1707.

1302 2872 1390 2915 Rey.
1411 2870 1501 2904 bucl.
1530 2870 1604 2905 VII.
1627 2873 1699 2906 101.

203 2984 277 3028 42.
309 2989 362 3027 In
383 2997 598 3039 supremo
618 2987 758 3038 apost.
783 2984 1037 3037 diffiniatis.
1064 3005 1087 3010 -
1107 2978 1239 3021 Clem.
1260 2978 1336 3031 XI,
1359 2983 1529 3032 petente
1550 2992 1699 3032 procu-

124 3057 262 3096 ratore
279 3053 320 3095 S.
338 3053 371 3095 I.
392 3052 936 3105 China1·umIndia1·umque
954 3050 1222 3093 orientalium
1242 3050 1505 3102 missionum,
1527 3049 1701 3091 mandat

1602 3124 1644 3156 28
