1989 3252
77 200 253 244 Urban.
276 198 404 242 VIII.
745 220 800 226 -
828 195 908 236 317
938 220 990 225 —
1523 195 1656 240 1626.

160 287 232 330 47.
264 283 314 325 A.
340 283 385 325 P.
418 283 469 325 R.
492 283 550 325 M.
578 290 630 326 In
650 289 1024 339 supereminente.
1049 309 1074 314 -
1094 282 1254 325 Urban.
1277 281 1396 334 VIH,
1418 280 1659 336 petentibus

80 354 290 408 Leopoldo
326 354 484 396 archid.
508 354 705 394 Austriae
739 358 781 394 et
817 358 979 394 rectore
1008 360 1050 395 et
1084 353 1335 407 collegialib.
1359 352 1453 394 coll.
1477 351 1515 393 S.
1543 351 1596 393 N.
1619 351 1654 394 I.

78 440 172 479 opp.
210 425 403 478 Friburgi
439 425 728 466 Constantien.
768 424 902 465 dioec.
939 426 1176 478 provinciae
1212 424 1442 477 Maguntin.
1483 436 1578 464 cum
1614 422 1655 464 d.

77 497 175 538 coll.
198 497 241 537 in
262 496 301 536 d.
325 510 442 549 opp.,
465 495 576 548 quod
606 494 796 548 Brigoiae
818 500 943 548 caput
972 499 1050 545 est,
1075 509 1148 548 per
1168 495 1207 536 d.
1232 494 1486 548 Leopoldam
1519 498 1658 534 erecto

77 568 171 608 unit
196 568 526 621 praeposituram
549 566 647 607 olim
689 566 1009 607 conventualem
1030 565 1256 619 Ellenberg
1275 566 1316 606 in
1339 565 1519 618 Sungoia
1540 564 1588 605 O.
1613 564 1654 606 S.

80 638 183 691 Aug.
205 651 296 678 can.
315 651 400 689 reg.
415 636 618 678 Basilien.
632 636 766 678 dioec.
786 650 910 690 quam
929 636 1077 677 Petrus
1092 635 1322 689 Manderey
1339 636 1438 677 cler.
1457 634 1653 677 Leodien.

79 710 121 750 in
158 713 334 761 utraque
369 708 583 760 signatura
617 706 668 748 R.
705 707 752 749 P.
785 707 1092 749 referendarius
1126 707 1302 759 obtinet,
1340 707 1494 748 valoris
1529 706 1657 747 annui

80 781 159 820 300
181 778 273 819 duc.
298 779 390 819 auri
425 777 475 819 de
505 792 630 829 cam„
655 777 1050 830 apprehendendam
1086 783 1178 831 post
1205 777 1245 818 d.
1270 777 1383 818 Petri
1405 776 1580 818 obitum.
1604 800 1659 805 ——

77 849 202 891 Caus.
225 863 312 891 cur.
345 862 451 890 cam.
476 862 541 902 ap.
575 862 668 901 gen.
694 848 891 900 auditori,
925 862 1070 902 praep.
1094 848 1188 890 coll.
1222 848 1324 890 0001.
1349 861 1445 901 opp.
1471 847 1521 888 de
1550 846 1657 888 Saltz

78 920 350 973 Argentinen.
374 919 506 961 dioec.
530 924 573 960 et
606 919 775 961 officiali
812 921 995 973 episcopi
1029 918 1317 961 Constantien.
1342 923 1507 959 execut.
1547 930 1657 958 com-

79 991 225 1032 mittit.

79 1057 124 1091 R.
145 1068 201 1100 ap.
224 1055 260 1091 S.
280 1056 329 1090 M.
349 1056 399 1089 M.
418 1056 484 1091 VH
500 1056 549 1090 id.
569 1057 662 1099 Aug.
684 1059 767 1091 1626
785 1056 825 1090 Ρ.
845 1068 903 1090 an.
923 1057 984 1092 IV.

1263 1176 1352 1219 Rey.
1373 1175 1460 1208 bull.
1487 1175 1516 1205 V
1544 1176 1605 1209 211
1625 1175 1657 1208 b.

161 1310 235 1352 48.
269 1307 319 1348 A.
352 1307 397 1347 P.
431 1306 480 1347 R.
514 1305 571 1347 M.
611 1313 662 1349 In
684 1308 1232 1362 apostolicaetle‘fflzz'latz's.
1266 1329 1292 1335 -
1335 1303 1481 1346 Urban
1539 1302 1657 1355 VIII,

79 1377 320 1431 petentibus
344 1377 555 1431 Leopoldo
577 1377 738 1418 archid.
763 1377 959 1418 Austriae
982 1384 1018 1416 et
1057 1381 1158 1417 rect.
1183 1387 1223 1417 et
1255 1374 1540 1427 collegialibus
1560 1374 1656 1416 coll.

80 1448 122 1490 S.
146 1448 179 1489 I.
204 1448 448 1501 Friburgen.
474 1449 516 1489 in
538 1448 745 1501 Brisgoia,
764 1461 874 1489 cum.
895 1447 935 1488 d.
956 1447 1072 1499 coll.,
1091 1446 1144 1487 ad
1164 1447 1275 1500 quod
1292 1460 1344 1487 ex
1362 1445 1556 1486 omnibus
1573 1445 1658 1486 iere

77 1518 343 1570 Germaniae,
367 1519 680 1573 Lotharingiae,
705 1518 970 1572 Burgundiae
992 1518 1169 1571 aliisque
1200 1517 1391 1557 finitimis
1421 1515 1658 1569 regionibus

81 1591 358 1631 concurritur.
390 1591 598 1643 prioratus
628 1590 727 1632 olim
757 1589 1053 1631 conventuales
1084 1588 1122 1630 S.
1158 1588 1347 1630 Udalrici
1386 1586 1427 1629 S.
1460 1587 1582 1639 Ben.‚
1620 1592 1661 1628 et

83 1660 124 1703 S.
148 1659 341 1702 Morandi
362 1659 534 1703 Cisterc.
555 1661 774 1713 Ordinum,
792 1661 944 1702 valoris
961 1674 1058 1701 ann.
1077 1662 1157 1701 200
1178 1659 1274 1700 duc.
1294 1659 1397 1700 unit.
1423 1658 1520 1700 Cur.
1541 1672 1655 1699 cauS.

82 1744 188 1773 cam.
222 1744 289 1784 ap.
313 1745 404 1784 gen.
429 1732 627 1783 auditori,
652 1746 794 1786 praep.
818 1731 1050 1784 collegi-alis
1080 1731 1183 1772 eccl.
1222 1730 1273 1771 de
1303 1729 1412 1771 Seltz
1444 1729 1664 1782 Argentin.

87 1801 220 1843 dioec.
244 1806 286 1843 et
305 1802 472 1844 officiali
494 1804 678 1856 episcopi
699 1802 985 1844 Constantien.
1010 1815 1126 1844 exec.
1150 1815 1301 1843 comm.

80 1867 124 1902 R.
144 1878 201 1910 ap.
224 1867 259 1902 S.
279 1868 330 1902 M.
352 1868 400 1901 M.
422 1868 487 1903 VII
504 1869 551 1902 id.
574 1870 668 1912 Aug.
691 1872 773 1903 1626
790 1869 828 1902 P.
851 1879 910 1902 an.
936 1867 997 1902 IV.

1247 1986 1337 2028 Κεφ
1358 1985 1445 2020 bull.
1475 1986 1511 2018 V.
1530 1988 1607 2020 214.
1628 1986 1659 2019 b.

164 2122 237 2164 49.
270 2118 319 2159 A.
363 2119 407 2158 F.
444 2117 492 2158 R.
528 2117 586 2158 M.
620 2123 768 2172 Super
795 2120 977 2172 specula
1007 2119 1262 2159 militantis.
1290 2140 1316 2146 -—
1350 2115 1505 2157 Urban.
1539 2115 1657 2167 VIII,

81 2192 250 2242 petente
271 2188 463 2241 Philippo
484 2187 765 2240 Portugalliae
785 2191 827 2228 et
846 2186 1140 2238 Algarbiorum
1162 2199 1256 2239 rege
1282 2185 1503 2238 catholico,
1526 2187 1658 2227 eccle-

82 2259 168 2301 siae
190 2259 465 2300 Machaonen.
490 2259 531 2298 in
564 2263 670 2311 part.
695 2257 787 2298 Ind.
813 2258 973 2298 Orient.
1006 2266 1174 2310 pastore
1204 2257 1429 2298 destitutae
1460 2257 1659 2298 adminis-

80 2331 302 2371 trationem
324 2330 479 2371 Didaco
501 2330 694 2382 episcopo
715 2328 931 2380 Funayen.
950 2329 993 2369 in
1009 2329 1147 2380 regnis
1164 2327 1467 2381 Iaponensibus
1484 2327 1536 2368 ad
1553 2328 1655 2369 0001.

82 2414 201 2442 suam
218 2401 270 2442 ob
288 2401 620 2453 persecutionem
637 2399 838 2440 accedere
854 2413 936 2440 non
957 2399 1113 2440 valenti
1131 2399 1183 2439 ad
1199 2399 1446 2439 sexennium
1468 2399 1659 2440 commit-

81 2472 157 2524 tit;
181 2472 495 2524 archiepiscopo
517 2472 584 2512 cui
601 2470 642 2512 d.
666 2474 765 2511 0001.
793 2471 1063 2511 Machaonen.
1088 2469 1247 2522 subest,
1271 2475 1314 2510 et
1334 2470 1422 2523 ipse
1442 2469 1592 2510 subsit.

83 2537 114 2572 R
144 2548 201 2581 ap.
221 2538 256 2572 S.
276 2539 326 2573 M.
346 2538 396 2571 M.
414 2537 558 2573 XXVII
577 2540 669 2579 Aug.
692 2539 775 2572 1626
792 2537 831 2570 P.
852 2548 911 2570 an.
929 2537 991 2571 IV.

1307 2655 1392 2698 Req.
1411 2655 1501 2688 bull.
1521 2655 1563 2689 V.
1582 2658 1659 2690 200.

163 2789 238 2832 50.
275 2793 324 2830 In
344 2792 711 2842 εαρυνθυιῑηεηιῑ.
735 2811 760 2816 -
781 2785 942 2827 Urban.
962 2785 1081 2838 VIII,
1106 2790 1272 2839 petente
1293 2785 1503 2839 Leopoldo
1525 2786 1658 2827 archi-

81 2856 186 2898 duce
216 2857 425 2907 Austriae,
457 2857 650 2910 episcopo
681 2856 974 2898 Vratislavien.
1009 2857 1234 2897 committit
1272 2861 1319 2897 ut
1353 2857 1574 2909 collegium
1604 2856 1658 2897 ab

85 2927 307 2969 archiduce
328 2928 476 2969 Carolo
494 2927 766 2969 ecclesiarum
788 2928 973 2968 Brixien.
999 2933 1041 2968 et
1066 2927 1361 2969 Vratislavien.
1395 2927 1659 2968 administra-

83 3001 172 3043 tore
201 2999 245 3038 in
274 2998 426 3054 oppido
455 2997 581 3040 Nissa
611 2997 905 3042 Vratislavien.
939 2997 1179 3039 dioeceseos
1209 3012 1283 3054 pro
1313 2997 1353 3040 S.
1377 2998 1411 3040 I.
1435 2996 1658 3039 fundatum
