1989 3252
165 213 300 269 Greg.
324 214 450 258 XIV.
834 239 886 246 —
915 216 995 257 527
1024 239 1078 246 -
1614 220 1742 265 1591.

161 302 334 352 malem,
359 313 447 342 vac.
472 313 544 353 per
564 302 761 353 resignat.
798 301 912 342 Petri
948 302 1195 355 Hieronymi
1231 303 1281 345 de
1316 303 1515 345 Lambert
1551 307 1742 346 canonici

164 371 313 411 eccles.
335 370 576 412 Gebennen.
602 372 947 414 commendatarii
969 374 1156 427 applicat
1176 375 1349 427 collegio
1381 374 1421 416 S.
1457 374 1492 416 Ι.
1527 376 1571 415 in
1592 375 1742 428 oppido

162 441 423 482 Camberiaci
443 441 630 483 eiusdem
652 443 781 484 dioec.
807 444 1050 485 constituto.

162 507 203 541 R.
223 518 281 549 ap.
303 507 338 540 S.
360 506 409 540 Μ.
429 507 514 542 XIII
531 507 604 541 kal.
628 508 709 541 Dec.
734 509 815 542 1584
835 508 874 542 P.
895 519 952 543 an.
975 509 1072 544 XIII.

980 617 1104 652 Fumi.
1120 629 1179 661 pr.
1201 619 1406 660 Luqdunen
1426 625 1448 652 t.
1469 623 1488 654 2
1510 619 1740 655 Camberien.

243 724 365 768 288ss
396 731 468 767 Ex
487 727 651 767 litteris
671 727 930 767 Nobilc'lalis
950 731 1066 769 [uae.
1092 750 1116 756 —
1138 726 1259 779 Greg.
1294 726 1398 768 XIII
1428 727 1600 769 Nicolao
1631 728 1741 769 Rad-

162 794 297 835 zivilio
332 794 476 836 Olicae
512 795 607 835 duci
652 795 702 835 de
737 796 1071 847 peregrinatione
1106 796 1454 849 Ierosolymitana
1492 798 1542 840 de
1586 800 1743 840 eximia

162 866 318 917 pietate
339 869 380 906 et
400 865 537 906 studio
573 866 685 906 cath.
712 865 922 917 religionis
958 867 998 906 in
1034 867 1128 908 coll.
1167 867 1208 908 S.
1248 869 1280 909 J.
1320 870 1414 910 istic
1449 870 1741 911 constituendo

161 936 395 989 gratulatur
415 942 456 978 et
476 938 694 989 coniugem
718 936 770 977 ab
793 937 955 978 haeresi
979 938 1031 978 ad
1054 939 1170 991 relig.
1194 940 1306 981 cath.
1330 941 1420 981 eius
1442 954 1569 994 opera
1590 940 1740 982 adduci

217 1011 234 1047 t

160 1012 282 1115 Ill-3353.
303 1072 337 1106 S.
359 1073 399 1107 P.
419 1073 471 1108 IX
487 1073 591 1107 Febr.
614 1075 696 1108 1585
716 1074 755 1107 P.
775 1085 833 1107 an.
854 1075 946 1109 XIII.

166 1183 334 1225 Themer,
354 1193 444 1217 ann.
465 1185 546 1216 ecel.
568 1186 617 1215 (cd
635 1183 668 1216 Ιι.
691 1194 725 1215 α.
746 1195 785 1216 n.
804 1186 835 1217 9.

749 1383 1019 1455 SIXTI
1068 1385 1155 1457 V.

200 1581 203 1584 “
241 1581 334 1625 443
367 1589 634 1637 Accepimus
654 1585 787 1637 qaod.
813 1607 837 1611 —
859 1581 966 1623 Sixt.
993 1581 1026 1622 V
1050 1584 1349 1624 monasterium
1373 1583 1616 1624 monialium
1640 1583 1742 1624 Pus-

160 1652 436 1693 tomirziense.
477 1652 608 1693 dioec.
647 1651 888 1694 Olomucen.
928 1653 977 1693 ί).
1015 1652 1056 1695 S.
1095 1653 1143 1695 B.
1177 1658 1251 1695 aut
1272 1653 1378 1694 alius
1401 1654 1574 1707 ordinis,
1599 1655 1640 1695 in
1663 1668 1744 1709 quo

160 1722 383 1775 disciplina
417 1723 620 1775 regularis
654 1723 834 1776 amplius
870 1737 952 1764 non
986 1724 1113 1776 viget,
1152 1725 1337 1778 applicat
1374 1724 1546 1777 collegio
1578 1724 1618 1766 S.
1643 1724 1678 1766 I.
1704 1727 1745 1766 in

160 1794 330 1834 civitate
351 1792 619 1834 Olomucensi
657 1795 866 1845 instituto,
890 1808 981 1835 cum
1019 1794 1222 1836 aedificiis
1260 1803 1303 1836 et
1333 1796 1461 1835 servis
1483 1795 1535 1836 ad
1558 1796 1744 1837 redditus

159 1878 319 1906 annuos
339 1867 419 1906 400
436 1865 698 1917 ducatorum,
717 1879 899 1918 congrua
916 1867 1105 1918 portione
1123 1867 1337 1907 monachis
1355 1866 1491 1907 adhuc
1508 1867 1744 1908 viventibus

159 1940 385 1977 reservata.

162 2001 203 2036 R.
223 2013 281 2044 ap.
303 2002 338 2036 S.
358 2002 406 2037 M.
426 2002 513 2036 XXI
533 2002 630 2045 Sept.
652 2005 735 2037 1588
754 2003 794 2036 P.
814 2014 872 2036 an.
892 2003 952 2037 IV.

1182 2112 1304 2146 Fumi.
1325 2114 1525 2147 Bohemz'ae
1542 2119 1565 2148 t.
1587 2116 1606 2148 2
1623 2113 1686 2156 fol.
1706 2116 1737 2148 7-

571 2303 1074 2376 GREGORH
1122 2297 1328 2376 XIV.

240 2505 302 2550 22
333 2505 382 2546 A.
406 2504 451 2545 P.
486 2504 536 2547 R.
570 2505 628 2547 M.
656 2513 705 2549 In
727 2510 1110 2562 supereminentis
1132 2509 1408 2562 apostolicae
1430 2509 1688 2563 (immtatis.
1714 2531 1739 2537 —

155 2574 278 2628 Greg.
317 2574 414 2616 XIV
450 2576 750 2617 monasterium
786 2574 826 2615 S.
852 2573 976 2626 Eligii
999 2574 1212 2617 Metensis.
1237 2577 1327 2617 ord.
1352 2576 1734 2619 praemonstraten.

159 2659 253 2686 cum
284 2659 361 2686 sua
389 2647 581 2698 ecclesia,
600 2645 848 2696 redditibus,
872 2645 1126 2698 prioratibus
1147 2652 1187 2687 et
1208 2646 1247 2687 S.
1272 2645 1514 2699 Salvatoris,
1538 2646 1579 2688 S.
1605 2647 1738 2689 Theo-

158 2715 275 2757 baldi
296 2716 569 2758 ecclesiarum
591 2715 845 2757 Metensium
867 2716 1184 2757 canonicatibus
1205 2730 1294 2758 vac.
1319 2717 1503 2770 applicat
1520 2717 1573 2758 ad
1594 2731 1738 2769 preces

160 2785 297 2828 Caroli
319 2786 359 2828 S.
387 2787 575 2840 Agathae
597 2787 702 2827 diac.
737 2786 848 2827 card.
874 2786 924 2827 de
958 2787 1223 2840 lotharingia
1259 2787 1475 2828 formando
1514 2788 1738 2828 seminario

159 2857 407 2899 clericorum
428 2859 548 2899 iuxta
566 2871 682 2899 conc.
707 2856 892 2898 Trident.
917 2862 1119 2899 tenorem.

160 2923 201 2958 R.
220 2923 256 2957 in
277 2928 395 2959 monte
414 2924 514 2964 Quiv.
536 2923 641 2959 XXII
657 2924 736 2958 Iun.
760 2925 835 2957 1591
862 2923 901 2957 P.
922 2934 980 2956 an.
1001 2924 1027 2958 I.

1117 3032 1242 3067 Fzmd.
1259 3044 1318 3076 pr.
1340 3033 1468 3076 Camp.
1489 3038 1512 3066 t.
1533 3035 1564 3067 2.
1583 3034 1738 3068 Metens.
