1989 3252
152 225 326 269 Bened.
349 225 476 270 XIV.
821 251 875 256 -
903 226 980 267 471
1014 250 1065 254 ψ
1597 226 1728 269 1748.

151 310 220 352 Fr.
243 309 348 352 Retz
381 310 533 364 Praep.
573 310 678 353 Gen.
714 309 756 351 S.
793 310 846 360 I..
883 311 1164 363 indulgentias
1197 316 1242 352 et
1275 311 1497 352 facultates
1526 311 1675 352 ultimo
1705 324 1730 352 a

151 379 283 423 Clem.
308 381 368 422 XI
391 383 536 435 (supra
556 396 597 423 n.
622 383 692 434 50)
714 382 757 421 in
778 381 910 422 Indiis
932 396 1150 423 concessas
1171 382 1223 423 ad
1244 384 1296 423 20
1317 395 1448 422 annos
1469 386 1657 423 renovat.

151 446 194 480 R.
213 457 270 490 ap.
291 446 326 481 S.
346 448 395 482 M.
416 447 464 480 M.
486 447 591 482 XVII
607 447 674 482 Iul.
697 450 780 481 1748
799 447 838 480 P.
862 458 919 481 an.
940 448 1034 482 VIII.

147 566 249 601 Bull.
269 567 314 600 de
327 577 486 610 propaq.
503 567 576 611 fide
592 566 664 601 III.
684 569 758 601 382.

227 692 297 736 34.
332 693 405 734 Ad
425 696 603 734 caetera
626 692 849 733 bonarmn
870 698 1056 733 artium.
1081 715 1107 721 -
1127 689 1229 731 Ben.
1254 689 1352 730 XIV
1379 690 1411 730 F
1414 691 1599 731 rancisco
1625 689 1728 730 Retz

144 761 296 815 Praep.
319 761 424 803 Gen.
449 760 491 803 S.
514 760 549 802 I.
574 775 648 814 pro
670 774 746 802 sua
779 775 963 815 suaeque
994 761 1214 802 Societatis
1236 775 1333 814 erga
1353 759 1393 802 S.
1417 760 1567 802 Sedem
1588 760 1727 802 obser-

144 834 289 874 vantia
309 831 562 885 significanti
584 831 826 873 cathedram
848 831 1049 873 historiae
1070 832 1380 873 ecclesiasticae
1395 833 1437 872 in
1458 831 1577 873 Rom.
1602 831 1726 873 colle-

143 904 209 956 gio
232 903 360 945 fuisse
381 904 668 953 constitutam,
688 904 910 944 cathedrae
942 917 1038 944 vero
1069 917 1174 945 sacr.
1198 904 1353 944 rituum
1384 904 1552 944 initium
1582 916 1726 943 mense

139 973 363 1015 novembre
385 974 589 1026 futurum,
611 974 847 1027 gratulatur
867 979 909 1014 et
932 980 1151 1028 utramque
1172 974 1411 1015 cathedram
1434 972 1667 1016 confirmat.

140 1039 172 1074 R
203 1050 260 1082 ap.
282 1039 317 1073 S.
338 1040 387 1074 M.
409 1040 457 1073 M.
483 1040 545 1075 YII
562 1040 647 1074 Maii
669 1041 752 1074 1748
772 1040 811 1073 Ρ.
832 1051 889 1073 an.
912 1040 1004 1075 VIII.

138 1160 195 1193 Ex
211 1165 285 1202 typ.
308 1171 380 1193 rev.
401 1171 494 1192 cam.
514 1166 618 1201 apost
650 1158 889 1200 (Slonylmrsc
910 1159 948 1192 Ι).
970 1162 999 1191 2.
1022 1162 1063 1197 7).

220 1287 290 1330 35.
328 1290 448 1330 chae
467 1299 598 1339 reyes
621 1291 756 1339 ipsos.
781 1308 806 1312 —
827 1282 928 1323 Ben.
956 1282 1052 1322 XIV
1076 1282 1298 1324 Francisco
1321 1282 1422 1323 Retz
1441 1283 1591 1335 Praep.
1616 1283 1719 1323 Gen.

138 1355 178 1397 S.
202 1355 238 1397 I.
259 1355 493 1408 gratulatur
530 1354 580 1395 de
617 1368 716 1395 cura
753 1354 1103 1395 bibliothecarum
1127 1355 1167 1394 in
1190 1354 1384 1395 omnibus
1414 1353 1454 1394 S.
1478 1353 1513 1395 I.
1538 1354 1722 1407 collegiis

135 1441 183 1468 ac
207 1426 392 1468 Romano
428 1426 675 1479 praesertim
712 1425 1085 1466 construendarum
1122 1426 1234 1466 etde
1264 1426 1511 1466 commercio
1534 1425 1721 1467 literar-io

134 1512 208 1551 per
229 1498 365 1539 Emm.
393 1497 444 1539 de
466 1496 656 1538 Azevedo
680 1497 905 1537 lusitanum
941 1502 983 1538 et
1004 1497 1222 1549 liturgicae
1254 1497 1478 1546 cathedrae
1508 1497 1549 1536 in
1571 1496 1611 1538 d.
1636 1497 1719 1538 eol-

134 1569 241 1622 legio
274 1569 475 1611 lectorem
511 1569 616 1610 inito
653 1582 746 1609 cum
777 1569 1095 1621 congregatione
1135 1569 1429 1609 canonicorum
1465 1567 1718 1620 regularium

132 1640 174 1682 S.
196 1638 340 1682 Crucis
361 1639 695 1681 Conimbricensi
717 1640 814 1681 Ord.
837 1639 877 1680 S.
898 1639 1023 1691 Aug„
1043 1644 1083 1680 et
1103 1639 1323 1680 confirmat
1344 1652 1582 1681 concessam
1602 1653 1626 1679 a
1648 1638 1715 1680 dd.

130 1712 339 1753 canonicis
356 1713 617 1765 procuratori
632 1711 729 1752 coll.
751 1711 928 1753 Romani
946 1712 1211 1752 exactionem
1229 1724 1461 1752 annuorum
1478 1710 1716 1751 reddituum

128 1795 182 1822 ex
202 1781 404 1823 220100is
425 1784 630 1823 montium
662 1796 747 1823 non
778 1781 1043 1822 vacabilihus
1074 1781 1201 1822 Urbis
1231 1786 1271 1822 ct
1304 1783 1353 1822 14
1388 1781 1490 1822 locis
1510 1780 1716 1821 similibus

127 1852 277 1905 emptis
298 1852 362 1893 vel
384 1852 572 1893 emendis
595 1853 932 1906 provenientium
954 1858 995 1892 et
1012 1851 1064 1892 ad
1081 1851 1121 1892 d.
1141 1852 1503 1904 congregationem
1522 1856 1714 1904 spectan-

125 1923 246 1963 tium.

126 1988 166 2022 R.
187 1999 243 2031 ap.
265 1988 299 2022 S.
321 1989 369 2022 M.
392 1989 440 2021 M.
463 1989 524 2024 VII
546 1988 634 2021 Maii
657 1988 795 2023 17481’.
816 1998 874 2021 an.
896 1988 988 2023 VIII.

120 2105 186 2140 Ex
203 2112 279 2148 typ.
299 2118 375 2140 rev.
393 2118 486 2141 cam.
507 2113 627 2151 apost.
649 2107 892 2150 (Stenyhurst
912 2106 951 2140 P.
972 2109 1001 2140 2.
1022 2105 1066 2148 7).

202 2234 274 2277 36.
307 2231 357 2271 A.
388 2230 437 2272 P.
475 2230 526 2271 R.
566 2230 626 2271 M.
653 2234 888 2274 Glorz‘osae
909 2233 1140 2273 Dominae.
1167 2255 1192 2260 -
1220 2229 1322 2270 Ben.
1357 2228 1471 2277 XIV,
1495 2243 1705 2270 commen-

120 2302 217 2344 dato
237 2301 351 2344 cultu
382 2301 428 2342 B.
454 2301 511 2343 M.
542 2301 589 2343 V.
617 2301 822 2354 Deiparae
845 2306 887 2342 et
908 2300 948 2342 S.
973 2300 1127 2353 Ignatii
1148 2315 1196 2342 ac
1218 2300 1259 2342 S.
1286 2301 1317 2341 Ι.
1343 2315 1440 2354 erga
1460 2314 1552 2342 eam
1580 2301 1701 2342 devo-

120 2375 250 2426 tione,
274 2374 615 2427 congregationes
637 2373 685 2414 B.
711 2373 762 2414 V.
788 2387 813 2414 a
834 2372 954 2425 Greg.
980 2372 1100 2424 XIII,
1125 2372 1239 2413 Sixto
1261 2371 1313 2424 V,
1337 2371 1457 2425 Greg.
1482 2371 1572 2424 XV,
1596 2372 1697 2413 Ben.

119 2443 217 2485 XIV
252 2445 444 2498 (quorum
481 2445 803 2486 constitutiones
841 2445 1004 2490 inserit)
1043 2443 1314 2496 indulgentiis
1354 2448 1538 2495 ornatas,
1578 2445 1699 2484 novis

116 2516 302 2556 instruit.

115 2580 159 2615 R.
178 2591 236 2623 ap.
257 2580 279 2614 S
317 2582 362 2613 M.
383 2581 432 2615 M.
453 2582 483 2615 V
503 2581 574 2615 kal.
597 2581 674 2615 Octv
702 2583 781 2614 1748
802 2581 839 2614 P.
861 2592 919 2614 an.
939 2580 1001 2616 IX.

110 2701 202 2734 Nov.
221 2701 309 2734 hall.
329 2701 368 2733 S.
390 2700 419 2734 I.
439 2703 513 2736 283.

195 2821 266 2864 37.
308 2825 593 2863 Gram‘ssz'ma
615 2827 832 2863 omnium.
868 2845 892 2850 —
928 2819 1031 2861 Ben.
1068 2819 1182 2870 XIV,
1217 2820 1446 2861 Ordinariis
1480 2826 1523 2862 et
1555 2825 1688 2873 apost.

121 2886 296 2928 vicariis
315 2888 356 2928 in
379 2887 590 2939 Sinarum,
613 2887 837 2941 Tunchini,
861 2889 989 2930 Siami
1012 2895 1054 2930 et
1073 2890 1320 2930 Cocincinae
1342 2891 1491 2942 regnis,
1513 2890 1689 2931 Christi-

119 2958 306 3000 fidelium
328 2959 597 3001 multitudine
618 2960 660 3000 in
681 2960 769 3001 dies
789 2964 1018 3012 crescente,
1041 2960 1240 3013 elargitur
1270 2960 1494 3001 facultates
1524 2961 1688 3013 dispen-

121 3029 241 3070 sandi
264 3044 358 3072 cum
380 3031 602 3084 neophytis
622 3032 663 3071 in
684 3031 880 3084 gradibus
901 3045 1096 3084 consang.
1121 3035 1163 3072 et
1182 3030 1293 3072 affin.
1317 3044 1425 3084 quae
1447 3032 1686 3073 iamdudum
