1989 3252
122 229 263 272 Clem.
287 227 398 270 XII.
783 247 838 254 —
865 225 942 265 461
976 248 1029 253 —
1573 222 1698 266 1737.

121 327 252 354 annos
273 325 532 364 concessam,
555 316 597 353 et
617 310 777 351 validat
807 311 1074 351 matrimonia
1105 314 1198 362 post
1228 308 1533 362 expirationem
1556 306 1594 348 d.
1619 311 1700 347 ter*

120 385 224 426 mini
244 383 383 424 forsan
402 396 496 423 cum
519 381 758 423 huiusmodi
782 381 1165 434 dispensationibus
1186 383 1412 421 contracta.

121 450 164 484 R.
183 461 240 493 ap.
263 449 296 483 S.
319 450 366 480 M.
386 449 435 483 M.
455 450 502 484 IX
526 449 623 490 Sept.
646 450 727 482 1734
748 448 787 482 P.
808 459 866 481 an.
888 449 929 482 V.

123 569 212 603 Bull
246 570 350 603 Rom.
371 587 411 592 -—
431 567 531 600 Bulc.
552 570 596 600 de
611 578 668 610 pr.
688 568 774 610 fide.
794 568 837 602 II
850 569 922 601 453.

206 689 274 731 15.
308 686 456 738 Congr.
482 699 565 726 sac.
591 686 659 726 rit.
699 689 739 726 et
773 685 858 727 ind.
882 711 907 716 -
944 685 1138 726 Patribus
1169 685 1210 726 S.
1237 685 1269 726 Ι.
1313 686 1485 737 l'ragen.
1519 685 1560 724 in
1597 683 1698 724 eccl.

124 758 271 798 semin.
310 756 349 797 d.
374 757 453 797 civ.
491 756 662 796 humilis
699 756 949 797 conditionis
980 758 1167 798 homines
1189 756 1373 810 quotidie
1395 755 1639 797 docentibus
1662 758 1704 795 et

125 827 365 881 petentibus
386 826 471 868 ind.
497 841 570 879 pro
591 841 743 870 comm.
768 841 862 880 gen.
894 829 1039 881 primis
1061 828 1281 868 dominicis
1311 827 1439 868 semel
1470 826 1703 878 plenariam

123 904 166 940 et
186 898 382 939 undecies
402 899 426 937 7
449 911 546 938 ann.
570 902 612 938 et
634 897 781 951 quadr.
805 911 913 951 resp.
943 915 950 940 :
975 899 1245 940 Affirmative.

124 967 166 999 30
182 964 249 999 Iul.
274 966 365 999 1735>
485 965 487 967 ’

1562 1073 1706 1106 Bullae.

203 1183 270 1225 16.
304 1180 355 1222 A.
380 1180 425 1221 P.
448 1180 497 1222 R.
524 1180 579 1221 M.
608 1187 760 1237 Apris-I.
782 1184 1117 1223 .s·0ll2·eztwlz'wzs.
1143 1205 1168 1210 -
1190 1180 1320 1221 Clem.
1361 1179 1442 1220 XII
1480 1179 1532 1220 ob
1562 1195 1707 1234 graves

121 1252 230 1293 iuter
250 1252 500 1305 apostolicos
527 1252 568 1291 in
591 1252 767 1304 imperio
787 1252 982 1293 Sinarum
1006 1251 1323 1292 missionnarios
1344 1256 1511 1292 exortas
1530 1251 1706 1292 difficul-

123 1326 248 1374 tates,
271 1321 375 1363 duas
409 1322 606 1376 epistolas
642 1322 872 1375 pastorales
908 1322 946 1362 b.
973 1336 1027 1363 m.
1063 1322 1271 1363 Fraucisci
1294 1323 1481 1375 episcopi
1503 1323 1705 1364 Pekinen.

125 1395 148 1433 6
170 1392 251 1434 Iul.
277 1397 319 1434 et
341 1395 392 1434 23
414 1393 512 1434 Dec.
541 1394 644 1434 1733
666 1394 779 1434 circa
798 1394 904 1434 ritus
926 1393 1074 1443 editas,
1100 1394 1251 1434 irritat.

123 1458 167 1493 R.
187 1470 244 1502 ap.
265 1457 300 1493 S.
322 1459 371 1493 M.
391 1459 439 1493 M.
459 1459 582 1494 XXVI
601 1459 699 1501 Sept.
725 1463 805 1492 17:55
824 1459 864 1492 P.
885 1470 943 1493 an.
966 1459 1024 1493 VI.

128 1579 228 1612 Buzl.
249 1579 353 1614 Rom.
372 1597 412 1601 —
432 1578 533 1612 Bull.
552 1578 598 1611 de
612 1589 767 1620 propaq.
787 1579 861 1621 fide
879 1579 926 1615 II.
948 1581 1020 1613 463.

215 1699 279 1742 [7.
317 1700 575 1740 coelestiam
601 1713 858 1740 nzmzer‘tmi.
884 1722 908 1727 -
940 1696 1070 1738 Clem.
1104 1696 1189 1738 XII
1225 1703 1394 1751 petente
1423 1697 1572 1738 Franc.
1610 1697 1709 1738 Retz

130 1767 171 1810 S.
195 1766 230 1808 I.
251 1767 400 1820 Praep.
419 1767 522 1808 Gen.
547 1767 706 1820 indulg.
727 1767 841 1820 plen.
861 1782 934 1821 pro
956 1767 1226 1809 missionibus
1246 1768 1453 1819 concedit,
1472 1768 1525 1809 ad
1546 1773 1709 1822 septen-

128 1838 246 1880 nium
268 1837 371 1890 (Cfr.
398 1837 492 1879 Inn.
518 1837 638 1890 XIII,
662 1853 703 1879 n.
731 1842 785 1890 2).

127 1904 172 1938 R.
191 1915 248 1946 ap.
271 1904 306 1938 S.
328 1904 375 1937 M.
397 1904 446 1938 M.
469 1904 589 1940 XXIII
608 1908 696 1947 Apr.
719 1907 802 1939 1736
823 1905 861 1938 P.
881 1916 939 1938 au.
962 1905 1002 1939 V.

128 2024 186 2058 Ex
203 2030 277 2067 typ.
296 2035 390 2058 cam.
410 2034 467 2067 ap.
1566 2026 1709 2059 Bullae.

214 2145 284 2188 18.
317 2142 443 2196 Cong.
467 2157 501 2185 s.
525 2145 594 2186 rit.
620 2152 661 2185 et
682 2144 767 2185 ind.
794 2169 819 2175 -
841 2144 1056 2186 Ecclesiae
1077 2145 1117 2186 S.
1142 2145 1176 2186 I.
1201 2147 1242 2186 in
1273 2145 1513 2187 Nesvisienz
1542 2144 1706 2186 Vilnen.

132 2213 264 2255 dioec.
289 2213 482 2256 dedicata
503 2215 544 2256 S.
570 2214 768 2256 Michaeli
792 2215 903 2268 plen.
928 2215 1015 2257 ind.
1040 2222 1207 2269 petente
1229 2218 1271 2257 in
1292 2217 1398 2258 festo
1419 2216 1707 2267 dedicationis,

132 2288 175 2325 et
194 2284 280 2326 ind.
304 2285 328 2324 7
363 2299 459 2327 ann.
485 2291 528 2326 et
562 2285 710 2339 quadr.
736 2286 802 2327 die
838 2294 1039 2340 sequente
1075 2293 1117 2328 et
1153 2288 1195 2327 in
1231 2288 1335 2328 festo
1370 2288 1645 2340 apparitionis
1666 2287 1706 2329 S.

132 2354 262 2397 Mich.
285 2380 311 2386 -
331 2355 401 2398 SS.
425 2356 685 2410 approbavit.

134 2423 176 2456 25
194 2421 280 2455 Maii
301 2424 384 2456 1736

1566 2535 1710 2568 Baetae.

216 2639 285 2683 19.
317 2645 424 2682 Cum
443 2639 519 2693 fel.
542 2653 629 2682 rec.
652 2645 955 2683 Innocentius.
978 2664 1003 2671 -
1019 2639 1149 2682 Clem.
1168 2639 1265 2693 XII,
1283 2646 1452 2694 petente
1472 2641 1590 2683 Proc.
1615 2656 1707 2695 gen.

134 2705 223 2748 S.1.
243 2707 296 2749 ad
330 2708 378 2749 15
409 2721 540 2749 annos
568 2714 763 2761 prorogat
795 2709 1076 2763 indulgentias
1101 2725 1174 2764 pro
1207 2713 1498 2754 communione
1527 2713 1712 2765 generali
1766 2716 1783 2726 '

136 2791 221 2819 una
240 2791 293 2818 ex
323 2778 540 2819 dominicis
570 2779 794 2820 cuiuslibet
816 2782 969 2822 mensis
991 2795 1209 2823 concessas
1230 2771 1295 2823 vel
1316 2783 1369 2823 ad
1392 2785 1441 2824 15
1467 2796 1598 2824 annos
1617 2797 1711 2836 pro-

137 2853 298 2901 rogatas
319 2849 372 2889 ab
392 2849 535 2890 Innoc.
559 2849 597 2889 X
618 2855 659 2891 et
679 2852 1001 2894 successoribus.

136 2915 178 2948 R.
197 2925 253 2957 ap.
273 2914 308 2949 S.
328 2915 378 2949 M.
399 2915 445 2948 M.
467 2915 572 2951 XXII
590 2916 696 2950 Febr.
717 2919 800 2951 1737
821 2917 860 2952 P.
880 2928 939 2951 an.
965 2918 1038 2953 VII.

136 3034 236 3068 Ball.
254 3035 359 3068 Rom.
381 3054 421 3059 --
439 3035 498 3069 Ea:
514 3041 587 3080 typ.
607 3047 699 3070 cam.
719 3048 778 3081 ap.
799 3038 849 3081 fv.
1569 3041 1703 3076 Bullae
