1989 3252
117 163 282 206 Innoc.
303 160 390 204 XI.
787 183 842 188 —
869 160 948 199 409
980 183 1034 188 —-
1565 158 1697 202 1686.

199 249 270 292 34.
303 246 543 287 Facultates
576 259 796 287 concessae
831 259 856 286 a
879 245 948 287 SS.
987 245 1038 286 D.
1077 245 1129 286 N.
1171 245 1418 285 Innocentio
1453 243 1536 285 div.
1575 257 1692 296 prOV.

116 318 199 359 ΡΡ.
222 317 283 358 XI
298 317 346 358 P.
370 317 552 358 Martino
574 316 743 358 Poinset
758 315 798 357 S.
819 316 854 357 I.
874 330 1012 369 super.
1037 317 1283 357 missionum
1299 315 1431 356 eiusd.
1451 314 1492 356 S.
1512 315 1554 355 in
1571 315 1696 355 Ame-

116 389 216 429 rica.
241 413 267 419 —
287 387 336 428 In
357 401 473 440 cong.
498 401 590 440 gen.
616 387 658 429 S.
682 387 733 429 R.
756 392 799 428 et
818 386 872 428 U.
896 387 989 441 Inq.
1028 387 1173 428 habita
1207 388 1250 427 in
1285 387 1369 439 pal.
1408 385 1587 439 apostol.
1625 399 1692 438 ap.

117 459 157 501 S.
183 459 228 501 P.
253 459 321 500 SS.
347 458 397 499 D.
421 458 476 499 N.
500 458 680 500 Innoc...
705 457 759 499 ad
779 459 1044 511 septennium
1080 462 1121 499 et
1156 472 1252 499 cum
1286 462 1422 511 potest
1457 456 1571 498 easd.
1610 456 1692 497 fac.

116 529 452 571 communicandi
475 530 599 570 sociis
628 543 729 570 suae
750 530 976 581 missionis,
1000 530 1059 570 ita
1079 534 1221 570 tamen
1256 534 1303 569 ut
1338 529 1389 569 iis
1423 527 1538 569 nullo
1575 527 1696 569 modo

115 601 178 642 uti
198 601 364 653 possint
383 604 505 641 extra
525 600 628 641 fines
658 599 792 653 praef.
813 600 1074 640 missionum.
1097 625 1124 630 -
1144 599 1379 641 Alderanus
1404 613 1469 652 ep.
1494 599 1694 640 Portuen.

114 671 238 713 Card.
261 671 392 724 Cybo.
417 671 624 713 Alexand.
649 670 858 724 Speronus
881 670 979 712 Not.

114 738 156 772 F.
170 737 212 771 V.
232 739 266 771 d.
290 739 327 771 18
344 737 431 771 Maii
451 739 546 772 1684.

1093 845 1182 887 Rey.
1203 844 1291 878 hall.
1314 844 1374 878 VI.
1395 846 1459 878 266
1474 845 1698 885 (insertum.)

196 956 269 1000 35.
302 954 352 994 A.
391 953 437 995 P.
477 952 526 994 R.
566 952 624 994 M.
666 956 1090 997 Commz·ssaenobz·s
1109 954 1344 995 divinans.
1379 976 1405 981 -
1439 950 1581 992 Innoc.
1621 950 1696 1001 Xl,

114 1028 350 1079 exponente
382 1023 583 1065 Federico
607 1023 647 1065 S.
671 1022 722 1064 R.
747 1022 795 1064 E.
820 1037 883 1076 pr.
908 1022 1031 1064 Card.
1054 1022 1313 1063 Vicecomite
1348 1035 1472 1062 nunc.
1512 1030 1693 1074 metrop.

114 1097 216 1138 eccl.
258 1095 526 1136 Mediolanen
578 1095 787 1147 praesule,
827 1095 1047 1147 collegium
1099 1093 1302 1134 nobilium
1351 1092 1694 1144 adolescentium,

115 1167 381 1208 concessione
409 1170 543 1218 apost.
573 1165 612 1206 d.
654 1168 703 1207 12
737 1165 828 1207 Oct.
870 1168 973 1206 1683
1008 1165 1060 1206 ab
1094 1166 1183 1218 ipso
1219 1167 1261 1205 in
1296 1165 1372 1205 civ.
1414 1164 1694 1205 Mediolanen.

115 1242 301 1279 erectum
322 1242 364 1278 et
384 1237 549 1278 clericis
571 1237 613 1278 S.
638 1236 670 1277 I.
695 1237 1011 1289 gubernandum
1046 1250 1304 1288 concessum,
1328 1235 1636 1277 conditionibus
1672 1249 1696 1276 a

115 1309 263 1362 Praep.
294 1307 398 1349 Gen.
435 1307 475 1349 d.
513 1308 606 1349 Soc.
643 1307 792 1349 Carolo
828 1307 879 1348 de
916 1307 1092 1360 Noyelle
1129 1310 1151 1347 9
1188 1307 1277 1348 Oct.
1320 1309 1425 1347 1684
1460 1306 1695 1357 ratificatis,

115 1381 372 1426 (inseruntur
392 1379 548 1427 italice)
570 1379 792 1420 confirmat
812 1384 853 1419 et
873 1379 1090 1432 approbat.

116 1446 156 1480 R.
176 1457 232 1489 ap.
253 1446 287 1479 S.
309 1446 356 1480 M.
377 1446 425 1480 M.
446 1445 553 1480 XXX
573 1445 651 1479 Oet.
673 1448 753 1480 1684
775 1445 814 1478 P.
836 1457 894 1479 2111.
913 1445 977 1479 IX.

1181 1554 1265 1595 Rey.
1287 1553 1373 1587 bull.
1405 1554 1462 1586 VI.
1482 1556 1547 1588 255
1566 1554 1697 1588 b.-259.

196 1664 266 1707 36.
301 1669 485 1718 Emponz’
502 1664 632 1705 nobis
651 1677 812 1718 nuper.
839 1686 864 1691 —
885 1661 1030 1702 Innoc.
1054 1659 1129 1712 XI,
1155 1664 1321 1714 petente
1343 1665 1444 1702 rect.
1470 1660 1564 1702 coll.
1590 1661 1693 1702 cler.

112 1746 198 1786 reg.
221 1732 263 1774 S.
288 1732 322 1774 I.
347 1733 426 1773 civ.
451 1731 608 1773 Montis
630 1732 780 1785 regalis
815 1746 930 1785 prov.
956 1732 1181 1773 Taurinen.
1222 1731 1393 1773 mandat
1428 1737 1504 1785 epo
1540 1731 1694 1774 Montis

111 1804 263 1856 regalis
284 1810 331 1844 ut
352 1802 571 1844 confirmet
606 1803 872 1844 concordiam
907 1817 1015 1844 anno
1054 1804 1157 1844 1667
1193 1804 1302 1844 inter
1322 1808 1423 1844 rect.
1450 1809 1548 1844 tunc
1585 1804 1694 1844 exis-

111 1879 269 1916 tentem
291 1874 330 1916 d.
355 1874 451 1916 coll.
475 1879 518 1916 et
540 1874 731 1915 homines
751 1873 905 1915 Terrae
931 1874 1184 1927 Margaritae
1215 1888 1341 1926 super
1370 1874 1545 1915 diversis
1575 1874 1694 1915 bonis

108 1946 256 1986 initam
292 1946 511 1998 (inseritur
545 1951 666 1986 tenor
704 1945 888 1995 italicus)
924 1959 1032 1999 quae
1065 1946 1117 1986 ob
1153 1959 1302 1986 novam
1324 1945 1441 1986 litem
1464 1959 1488 1986 a
1510 1945 1692 1998 quodam

109 2015 314 2057 creditore
335 2016 542 2057 intentam
564 2014 758 2057 effectum
780 2030 861 2057 non
882 2016 1046 2057 habuit.

107 2081 152 2116 R.
171 2092 228 2124 ap.
250 2081 285 2115 s.
306 2082 354 2114 M.
375 2082 423 2116 Μ.
450 2082 565 2117 xvm
582 2082 661 2117 lun.
684 2085 767 2117 1685
786 2082 826 2116 P.
846 2093 904 2115 an.
926 2082 987 2116 lx.

1190 2190 1279 2233 Ray.
1301 2190 1376 2223 buil
1415 2191 1472 2222 VI.
1492 2193 1637 2225 259-266
1655 2190 1688 2223 b.

188 2311 259 2355 37.
289 2308 438 2362 Congr.
465 2309 505 2350 S.
532 2309 616 2350 Rit.
641 2334 666 2339 —
689 2308 788 2349 Visa
810 2309 1014 2349 electione
1035 2307 1075 2349 S.
1100 2308 1254 2361 Ignatii
1288 2308 1339 2349 de
1373 2308 1532 2361 Loyola
1566 2309 1682 2350 fund.

106 2380 146 2422 S.
171 2380 205 2422 I.
232 2381 274 2421 in
294 2388 610 2434 compatronum
633 2381 711 2421 civ.
738 2380 951 2433 Monopoli
972 2384 1015 2421 et
1043 2393 1138 2433 opp.
1178 2379 1455 2422 Cisternini...
1493 2380 1546 2421 ad
1580 2379 1688 2421 rela-

103 2452 238 2492 tiones
274 2451 422 2492 Emi...
459 2451 572 2492 card.
610 2450 837 2504 Pamphili,
875 2451 1103 2492 declaravit
1137 2456 1330 2492 constare
1365 2450 1415 2492 de
1461 2451 1679 2492 validitate

104 2527 146 2564 et
165 2522 351 2575 legitima
372 2523 575 2563 electione
596 2522 835 2564 huiusmodi
856 2523 1006 2574 sancti,
1029 2527 1070 2564 et
1089 2527 1310 2576 propterea
1339 2524 1478 2563 omnia
1506 2523 1616 2564 veris
1637 2526 1680 2563 et

102 2594 300 2646 legitimis
340 2595 524 2647 patronis
564 2595 702 2635 minus
748 2594 1050 2647 principalibus
1090 2595 1372 2647 competentia
1411 2594 1463 2635 ad
1501 2594 1678 2635 formam

102 2664 312 2705 rubricam
351 2664 462 2706 brev,
488 2669 529 2706 et
562 2666 676 2706 miss.
716 2665 910 2715 Romani,
934 2664 984 2706 de
1014 2665 1205 2718 praefato
1228 2665 1267 2707 S.
1291 2664 1380 2718 Ign.
1405 2664 1497 2706 fieri
1527 2664 1678 2706 debere

102 2735 146 2775 in
166 2734 337 2787 praedd.
372 2735 452 2776 ciV.
489 2741 530 2776 et
567 2749 663 2788 opp.
702 2735 899 2777 decrevit.
924 2761 949 2766 -
982 2735 1036 2777 H.
1074 2736 1195 2777 Card.
1234 2735 1479 2777 Ludovisius
1500 2760 1525 2766 —
1552 2735 1674 2777 Bern.

103 2804 294 2846 Casalius
315 2819 348 2847 s.
373 2819 406 2846 r.
432 2804 477 2846 C.
502 2819 608 2847 secr.

102 2871 135 2904 d.
155 2872 196 2905 23
213 2871 322 2906 Mart.
344 2874 438 2906 1686.

1302 2979 1386 3021 Rey.
1406 2979 1495 3011 bull.
1523 2979 1585 3013 VI.
1602 2981 1677 3014 267.
