1989 3252
285 186 429 230 Pauli
447 188 505 231 V.
963 211 1015 216 -
1044 186 1124 228 270
1153 210 1208 217 —
1740 189 1866 234 1615.

367 276 468 320 158.
503 274 553 316 A.
593 274 641 316 P.
677 274 726 316 R.
765 273 824 316 M.
864 281 917 319 In
935 281 1306 332 supereminenti.
1344 301 1370 307 -
1404 275 1525 317 Paul.
1549 274 1583 316 V
1619 275 1663 316 in
1695 275 1869 330 collegio

286 346 559 388 Paderbonae
590 360 614 387 a
636 346 852 389 Theodoro
873 346 963 400 Epo
985 353 1084 389 ante
1103 349 1156 389 20
1176 361 1309 389 annos
1329 351 1482 399 erecto,
1504 351 1671 400 petente
1688 347 1727 390 d.
1759 348 1867 402 Epo,

287 418 491 472 penuriae
521 419 798 472 parochorum
820 424 862 460 et
895 419 1047 461 damno
1082 433 1104 460 e
1139 420 1365 473 gymnasiis
1390 420 1699 461 haereticorum
1733 420 1870 474 provi-

288 489 410 542 dens,
446 490 761 531 universitatem
803 490 931 531 studii
963 490 1171 544 generalis
1221 491 1357 544 erigit,
1394 504 1522 531 curae
1570 490 1610 532 d.
1649 490 1871 533 Societatis

289 561 501 614 supponit,
523 560 728 614 graduum
750 561 1020 603 collationem
1041 565 1083 603 et
1102 562 1219 603 varia
1238 562 1458 616 privilegia
1476 561 1681 604 concedit.

288 627 329 662 R.
349 638 405 671 ap.
427 627 463 662 S.
481 628 531 662 M.
553 628 600 661 M.
619 628 652 664 Π
669 629 754 672 Αρν.
777 631 861 664 1615
880 629 920 663 Ρ.
939 639 998 663 an.
1018 629 1064 663 X.

285 770 386 805 Bulz.
407 771 515 805 Rom.
534 790 578 794 —
593 771 841 815 Reiffenbery,
861 771 976 805 Mant.
995 782 1028 815 p.
1051 773 1114 806 106
1129 791 1172 795 -
1188 771 1355 812 Richter,

287 825 416 861 Gesch.
438 829 472 860 d.
494 826 592 860 Pad.
616 826 793 861 Jesuiten.
814 828 910 867 1892,
930 827 956 862 Ι.
976 829 1052 862 204.
1431 827 1524 871 Rey.
1545 826 1632 861 buu.
1653 827 1716 861 IV.
1736 828 1812 861 231.
1832 827 1867 861 b.

365 973 469 1017 159.
501 970 550 1011 A.
577 970 623 1012 P.
646 969 697 1010 R.
731 969 789 1011 M.
822 974 1045 1014 Admonet
1064 986 1146 1014 nos
1165 986 1292 1014 cura.
1323 996 1349 1001 —
1383 970 1504 1012 Paul.
1541 970 1590 1021 V,
1626 970 1868 1024 petentibus

285 1047 448 1084 rectore
469 1047 511 1084 et
532 1041 819 1095 collegialibus
841 1042 937 1084 coll.
961 1040 1001 1084 S.
1020 1041 1055 1083 Ι.
1075 1043 1117 1083 111
1139 1042 1292 1096 oppido
1311 1041 1456 1084 Erfurt
1477 1042 1709 1096 Maguntin.
1730 1041 1863 1084 dioec.

285 1129 311 1158 a
345 1115 544 1157 moderno
582 1114 780 1168 archiep&
815 1115 855 1156 d.
895 1114 1027 1156 dioec.
1065 1115 1209 1166 erecti,
1232 1115 1532 1156 monasterium
1567 1114 1656 1156 ord.
1690 1115 1733 1156 S.
1758 1115 1864 1168 Aug.

287 1188 422 1241 spatio
443 1187 495 1228 70
518 1201 721 1228 annorum
744 1201 770 1229 a
784 1188 1032 1241 magistratu
1050 1192 1313 1241 occupatum,
1330 1187 1535 1240 religiosis
1557 1185 1806 1228 destitutum
1827 1188 1869 1227 et

284 1259 338 1301 ab
361 1259 505 1300 eodem
528 1259 726 1312 archiep&
747 1259 1022 1311 vindicatum,
1041 1260 1161 1300 cuius
1181 1259 1342 1300 fructus
1363 1260 1416 1301 24
1436 1259 1530 1300 duc.
1553 1259 1662 1310 auri,
1681 1257 1722 1299 d.
1741 1257 1866 1299 colle-

283 1332 349 1384 gio
372 1332 479 1373 unit.
504 1330 707 1372 Gamerae
728 1335 863 1385 apost.
887 1331 1072 1384 generali
1088 1330 1288 1383 auditori,
1305 1331 1613 1384 archiepiscopi
1630 1329 1863 1382 Maguntin.

285 1407 327 1444 et
347 1404 532 1457 episcopi
553 1403 715 1457 Spiren.
738 1404 908 1444 vicariis
927 1403 1193 1457 generalibus
1214 1404 1503 1445 executionem
1525 1401 1762 1444 committit.

284 1469 327 1504 R.
347 1481 404 1513 ap.
427 1469 462 1504 S.
482 1470 532 1504 M.
552 1470 600 1503 M.
622 1470 706 1505 VIII
722 1469 799 1504 kal.
821 1470 926 1504 Febr.
949 1472 1033 1504 1615
1052 1470 1092 1504 P.
1113 1481 1172 1504 an.
1192 1470 1256 1505 XI.

1439 1613 1526 1654 Req.
1547 1611 1635 1645 buu.
1655 1610 1718 1645 JV.
1738 1608 1866 1645 268biS.

363 1760 465 1803 160.
502 1760 574 1801 Ad
594 1760 910 1813 exequendum
928 1760 1195 1813 pastoralis.
1217 1781 1243 1786 -
1264 1755 1382 1796 Paul.
1419 1753 1472 1806 V,
1508 1752 1747 1807 petentibus
1780 1765 1868 1793 rec-

281 1833 374 1871 tore
396 1834 440 1871 et
459 1829 746 1883 collegialibus
767 1828 861 1870 coll.
886 1828 927 1871 S.
953 1829 985 1870 Ι.
1011 1828 1247 1882 Remensis,
1270 1827 1441 1869 mandat
1471 1825 1640 1868 officiali
1669 1824 1868 1866 Remensi

283 1906 331 1943 ut
352 1915 447 1942 cum
469 1900 509 1942 d.
535 1901 727 1954 collegio,
751 1902 834 1953 cui,
857 1901 910 1942 ab
932 1900 1115 1942 Henrico
1136 1900 1194 1942 IV
1216 1899 1406 1951 fundato,
1429 1899 1472 1939 in
1494 1896 1727 1939 subsidium
1757 1896 1865 1938 dotis

283 1974 493 2027 prioratus
515 1972 557 2014 S.
579 1971 818 2026 Valburgae
839 1973 937 2014 Ord.
958 1971 998 2014 S.
1022 1973 1068 2014 B.
1089 1985 1163 2025 per
1184 1972 1506 2025 resignationem
1523 1969 1693 2011 Ioannis
1709 1967 1864 2021 Lespa-

279 2045 377 2098 gnol
398 2046 488 2086 cius
511 2046 662 2098 prioris
683 2058 836 2086 vacans
857 2045 1000 2085 unitus
1022 2044 1272 2085 auctoritate
1293 2047 1428 2096 apost.
1452 2042 1548 2093 fuit,
1573 2041 1688 2081 uniat
1709 2041 1865 2093 priora-

278 2123 370 2159 tum
393 2117 434 2159 S.
458 2116 647 2158 Mauritii
669 2117 858 2158 eiusdem
880 2116 968 2158 ord.
1006 2130 1080 2170 per
1114 2115 1437 2169 resignationem
1468 2113 1714 2166 Hieronymi
1743 2111 1866 2152 Feret

278 2189 474 2230 monachi
496 2190 740 2230 monasterii
762 2189 804 2231 S.
829 2188 1010 2242 Remigii
1033 2194 1269 2239 vacantem,
1291 2192 1334 2228 et
1355 2187 1393 2228 (1.
1432 2185 1605 2238 collegio
1640 2184 1864 2226 cohaeren-

277 2265 378 2303 tem.
402 2261 580 2303 Fructus
603 2263 656 2304 24
677 2261 771 2303 duc.

278 2328 320 2363 R.
340 2340 399 2372 ap.
419 2330 455 2363 S.
478 2329 526 2362 M.
550 2329 596 2363 M.
617 2329 652 2363 X
673 2340 756 2362 non.
776 2328 882 2362 Mart.
905 2330 991 2363 1615
1008 2327 1048 2361 Ρ.
1069 2338 1127 2360 an.
1147 2326 1211 2361 XI.

750 2460 842 2503 Reg.
863 2459 948 2493 bula.
972 2459 1036 2493 IV.
1055 2460 1132 2493 275.
1153 2458 1186 2492 b.
1206 2477 1247 2482 —
1265 2457 1389 2491 Fund.
1403 2467 1465 2500 pr.
1488 2454 1616 2496 Camp.
1635 2459 1658 2487 t.
1679 2456 1710 2488 2.
1731 2453 1860 2489 Rhem.

359 2606 454 2649 161.
490 2610 564 2648 Em
586 2611 789 2648 immeto
809 2604 952 2647 nobis.
986 2627 1012 2632 -
1046 2601 1167 2643 Paul.
1204 2599 1257 2653 V,
1283 2599 1421 2641 citatis
1451 2597 1602 2639 litteris
1640 2595 1762 2637 Pauli
1796 2593 1854 2646 II,

279 2683 387 2719 Cum
407 2678 455 2719 z'n
478 2678 688 2719 omnibus
709 2677 895 2718 eufimia}
919 2676 1039 2725 1465,
1062 2687 1101 2715 v.
1126 2672 1169 2714 id
1207 2671 1325 2723 Maii,
1346 2669 1588 2725 petentibus
1622 2672 1782 2710 rectore
1814 2669 1856 2708 et

273 2747 565 2801 collegialibus
586 2747 750 2800 collegii
771 2745 810 2788 S.
836 2746 870 2788 I.
895 2746 1037 2800 oppidi
1069 2745 1240 2787 Madriti
1258 2743 1448 2785 Toletan.
1473 2742 1622 2793 dioec.‚
1645 2738 1852 2781 archidia-

273 2833 375 2861 cono
398 2819 448 2860 de
471 2818 635 2860 Madrid
656 2833 782 2860 nunc.
805 2819 846 2859 in
869 2818 971 2860 eccl.
992 2817 1181 2858 Toletan.
1201 2821 1243 2858 et
1258 2815 1425 2858 officiali
1442 2813 1630 2864 mandat,
1649 2815 1855 2866 quatenus

272 2893 306 2933 si
324 2893 365 2932 in
383 2891 619 2932 evidentem
637 2890 880 2942 utilitatem,
898 2889 1100 2931 concedat
1116 2902 1187 2942 pro
1205 2889 1244 2929 d.
1264 2887 1438 2940 collegio
1456 2885 1669 2927 licentiam
1685 2881 1852 2924 locandi

272 2964 315 3004 in
336 2962 646 3015 emphyteusim
667 2966 802 3003 terras
824 2962 1072 3015 quantitatis
1092 2962 1144 3001 30
1164 2960 1385 3001 rubrorum
1406 2972 1501 2999 cum
1532 2956 1653 2998 domo
1682 2955 1853 2995 ruinosa

275 3035 319 3076 in
340 3033 493 3090 oppido
516 3033 567 3075 de
588 3032 756 3087 Velilla,
780 3047 806 3074 a
824 3032 864 3074 d.
888 3032 1040 3088 oppido
1062 3032 1233 3074 Madriti
1254 3031 1461 3084 dispersas
1478 3028 1613 3084 spatio
1633 3028 1682 3069 15
1698 3025 1852 3067 millia-
