1989 3252
265 190 441 234 Urban.
466 190 583 234 VIII
941 216 996 221 —-
1025 193 1104 233 326
1135 217 1188 223 -
1723 197 1854 242 1628.

260 289 356 316 nam
398 274 632 317 Ecclesiam
672 276 887 318 redeuntis
937 280 1202 331 patriarchae
1232 281 1488 333 gratulatur,
1531 280 1693 333 legatos
1745 283 1858 336 regis

259 344 448 398 Saguedo
471 349 513 386 et
534 347 681 399 populi
703 347 868 399 invitat,
898 349 1102 402 Alphonsi
1129 354 1171 391 et
1200 350 1469 392 sacerdotum
1501 350 1542 392 S.
1576 350 1611 392 I.
1644 352 1859 394 laboribus

262 415 485 469 benedicit,
509 418 648 470 regale
670 419 962 460 iusiurandum
985 434 1059 473 per
1080 420 1375 475 Praepositum
1396 421 1650 464 Generalem
1672 421 1714 465 S.
1740 423 1776 466 I.
1804 424 1858 466 ad

262 501 306 529 se
328 487 515 529 delatum
532 489 760 541 significat.

262 555 302 589 st.
323 566 382 597 ap.
403 554 426 589 S
463 555 501 588 P.
520 555 570 590 IV
585 556 691 590 Mart.
714 559 797 592 1628
819 557 858 591 Ρ.
879 569 938 592 an.
958 559 1005 593 V.

260 664 361 698 Ball.
382 665 426 698 de
436 676 595 709 ρνοραῃ.
613 666 688 706 fide
706 665 733 698 I.
759 668 833 700 103.

344 776 415 819 85.
449 774 499 815 Α.
525 774 570 816 Ρ.
596 774 646 816 R.
673 776 728 816 M.
754 782 938 832 Empom'
957 778 1087 820 nobis
1114 792 1277 833 nuper.
1307 801 1333 808 -
1354 776 1515 819 Urban.
1540 777 1660 830 VIII,
1683 783 1853 832 petente

260 844 457 887 Gabriele
478 846 793 899 archiepiscopo
824 846 863 888 N
867 848 1027 899 axien.,
1051 848 1268 902 cappellae
1290 848 1361 891 SS.
1385 848 1647 891 Sacramenti
1669 848 1849 892 Casazze

262 930 386 959 nunc.
410 918 523 958 intra
545 919 700 958 moenia
720 918 884 959 cast-elli
913 919 992 960 civ.
1017 918 1199 961 Naxien.
1223 933 1249 961 a
1278 920 1319 963 d.
1353 920 1667 975 archiepiscopo
1698 921 1853 963 factam

259 987 513 1041 presbyteris
535 987 576 1030 S.
600 988 636 1029 I.
660 990 973 1031 concessionem
994 990 1231 1033 confirmat.

260 1054 301 1089 R.
322 1065 379 1098 ap.
397 1054 433 1088 S.
454 1055 495 1088 P.
518 1055 548 1089 V
568 1056 654 1098 Apr.
677 1058 761 1090 1628
781 1055 823 1091 P.
841 1068 899 1090 an.
920 1057 962 1090 V.

1489 1151 1578 1194 Rey.
1599 1151 1687 1186 bun.
1713 1152 1752 1187 V.
1771 1154 1846 1186 247.

343 1260 418 1304 86.
451 1257 500 1298 A.
520 1257 568 1299 P.
592 1256 642 1299 R.
667 1257 724 1299 M.
750 1264 935 1314 Expone·
953 1262 1084 1303 nohis
1098 1274 1261 1316 nuper.
1295 1284 1321 1290 —
1350 1258 1512 1300 Urban.
1546 1258 1649 1300 VIII
1678 1259 1732 1301 ad
1760 1273 1852 1314 pre-

261 1343 330 1371 ces
350 1329 565 1371 Francisci
586 1327 787 1370 Guilelmi
808 1331 937 1382 episc.
963 1329 1277 1372 Osnabrucken.
1307 1330 1358 1373 de
1388 1344 1595 1373 consensu
1616 1330 1789 1384 capituli
1810 1336 1853 1373 et

262 1402 561 1443 canonicorum
583 1400 622 1441 d.
647 1400 851 1442 ecclesiae
873 1400 1041 1442 domum
1062 1404 1104 1442 et
1119 1400 1342 1443 ecclesiam
1361 1414 1384 1442 e
1405 1401 1601 1443 manibus
1622 1401 1853 1445 haeretico-

260 1487 354 1515 rum
375 1472 637 1525 redemptam
658 1472 759 1513 olim
782 1473 829 1513 Ο.
855 1472 897 1514 S.
929 1473 1037 1525 Aug.
1060 1473 1252 1514 canonic.
1284 1471 1464 1526 regular.
1497 1472 1648 1514 tribuit
1677 1473 1851 1528 collegio

258 1545 302 1586 in
325 1544 365 1586 d.
390 1545 563 1585 civitate
584 1544 895 1586 constituendo.

256 1611 300 1646 R.
320 1622 380 1654 ap.
399 1611 436 1645 S.
455 1611 505 1645 M.
524 1611 573 1646 M.
595 1611 697 1646 XVII
712 1611 793 1646 Iun.
814 1613 899 1646 1628
919 1611 958 1644 P.
979 1621 1037 1644 an.
1059 1611 1104 1645 V.

1119 1719 1243 1753 Fund.
1263 1719 1386 1755 Rhen.
1405 1722 1503 1759 infer
1520 1726 1545 1753 t.
1566 1722 1597 1756 1.
1619 1719 1847 1756 Osnabruck.

338 1833 406 1877 87.
442 1838 513 1874 Eae
532 1835 738 1874 iniuncto
767 1831 910 1872 nohis.
940 1853 966 1858 -
995 1827 1158 1871 Urban.
1191 1827 1311 1882 VIII,
1343 1829 1483 1870 citatis
1512 1829 1595 1871 litt.
1630 1828 1752 1872 Pauli
1788 1829 1846 1883 ΙΙ,

258 1910 366 1947 Cum
387 1911 435 1946 z'n
451 1905 663 1947 omnibu-5
682 1904 884 1951 iudaeus,
909 1902 1030 1952 1465,
1052 1899 1104 1942 V.
1129 1899 1187 1941 id.
1214 1901 1331 1954 Maii,
1355 1900 1596 1954 petentibus
1626 1906 1788 1943 rectore
1808 1906 1852 1943 et

257 1974 545 2027 collegialibus
566 1973 662 2014 coll.
687 1971 729 2014 S.
753 1971 788 2013 I.
813 1972 864 2013 de
885 1971 1019 2024 Urbe,
1044 1971 1213 2013 Vicario
1236 1986 1310 2013 suo
1328 1972 1514 2025 generali
1536 1972 1711 2014 mandat
1731 1977 1792 2026 ut,
1815 1973 1850 2014 si

256 2047 300 2087 in
331 2045 568 2087 evidentem
597 2044 636 2086 d.
661 2043 757 2086 coll.
791 2043 1018 2085 utilitatem
1049 2057 1266 2085 cessurum
1297 2044 1366 2095 sit,
1399 2043 1616 2085 licentiam
1646 2043 1850 2085 concedat

264 2117 472 2159 vendendi
493 2122 600 2170 pret.
625 2118 677 2158 28
699 2130 755 2157 m.
780 2130 839 2157 sc.
863 2117 906 2156 in
927 2115 1073 2157 ordine
1096 2115 1149 2156 ad
1170 2115 1374 2156 casalium
1402 2115 1531 2156 casali
1552 2129 1787 2170 campanna
1807 2115 1849 2156 di

255 2189 412 2230 vacche
447 2194 569 2230 extra
603 2193 768 2241 portam
802 2187 1057 2229 Flaminiam
1091 2187 1342 2227 viciniorum
1372 2190 1415 2228 et
1443 2186 1593 2228 casalis
1621 2187 1848 2241 Aquasona

256 2274 381 2302 nunc.
416 2261 688 2313 emptionem,
730 2259 883 2300 casalis
928 2258 1108 2299 Fiorano
1148 2271 1272 2299 nunc.
1317 2262 1439 2299 extra
1486 2256 1700 2311 Capenam
1743 2258 1848 2299 alias

253 2331 295 2374 S.
329 2331 565 2373 Sebastiani
605 2336 769 2384 portam
804 2331 925 2383 sitae,
963 2334 1006 2371 et
1040 2329 1213 2370 alterius
1260 2328 1528 2383 Serpentaria
1561 2343 1685 2370 nunc.
1727 2333 1847 2370 extra

255 2403 453 2444 collinam
484 2402 590 2443 alias
616 2402 839 2454 Salariam,
876 2401 981 2442 Lud.
1016 2399 1245 2443 Corbinelli
1277 2400 1416 2454 presb.
1440 2399 1481 2442 S.
1514 2399 1548 2441 I.
1583 2399 1846 2442 haereditate

255 2474 483 2516 universali
506 2474 857 2528 provenientium.

253 2541 296 2575 R.
315 2552 372 2584 ap.
393 2541 430 2576 S.
452 2540 498 2574 M.
520 2541 571 2575 M.
590 2540 639 2575 VI
656 2539 730 2573 kal.
750 2541 844 2583 Aug.
869 2542 949 2574 1628
970 2540 1010 2573 Ρ.
1031 2550 1090 2574 an.
1112 2539 1155 2572 V.

1484 2631 1574 2677 Rey.
1596 2633 1682 2667 bull.
1711 2632 1748 2668 V.
1767 2633 1844 2668 259.

333 2748 404 2791 88.
442 2752 550 2789 Cum
574 2748 691 2789 sicut
718 2748 991 2801 accepimus.
1016 2766 1042 2773 -
1075 2742 1236 2784 Urbani
1267 2740 1372 2783 VIII
1406 2742 1618 2784 revocatio
1652 2743 1840 2784 omnium

254 2816 511 2858 indultorum
533 2816 751 2870 quibusvis
771 2815 1044 2868 religionibus
1065 2815 1193 2855 etiam
1215 2813 1259 2855 S.
1281 2812 1317 2855 Ι.
1341 2813 1653 2867 quomodolibet
1673 2826 1841 2855 conces-

250 2902 390 2930 sorum
407 2887 607 2929 audiendi
625 2886 908 2929 saecularium
924 2886 1224 2938 confessiones,
1243 2884 1401 2939 absque
1418 2884 1630 2926 Ordinarii
1646 2885 1841 2927 examine

249 2964 291 3001 et
311 2960 629 3014 approbatione.

248 3026 315 3061 XII
335 3025 433 3069 Sept.
452 3028 550 3061 1628.

1579 3099 1732 3134 Elench.
1752 3097 1842 3134 bun.
