1989 3252
101 156 263 200 Innoc.
287 155 401 198 XII.
775 178 829 185 -—
857 154 934 193 421
967 176 1021 182 -—
1553 150 1668 196 1696

183 243 255 287 36.
289 241 339 282 Α.
378 240 425 281 P.
464 239 515 281 R.
555 238 613 281 M.
650 247 702 283 ln
722 253 936 294 supremo
960 243 1218 282 nm'lz'caemtc‘s.
1249 263 1275 269 -
1310 238 1402 279 Inn.
1440 236 1521 277 XII
1557 236 1688 278 Breve

101 312 209 352 Alex
231 310 310 351 VII
331 326 338 352 :
367 317 419 354 Ut
439 314 619 367 collem&
641 317 790 353 Germ.
813 316 852 353 ec
874 317 1026 365 Hzmy.
1051 311 1103 350 28
1125 309 1209 351 Dec
1250 311 1371 361 1660,
1390 307 1500 362 quod
1518 309 1691 349 minime

105 383 365 434 observatur,
383 382 570 432 innovat,
589 383 649 422 ita
663 386 806 422 tamen
827 386 872 420 ut
887 379 1023 421 Cardd
1058 394 1141 422 uon
1158 380 1340 433 amplius
1360 380 1519 425 inaula
1536 378 1683 431 Congr.

104 452 154 494 de
175 466 345 506 propag.
378 451 461 493 fide
495 452 567 493 sed
602 453 644 492 iu
679 453 770 505 ipso
805 451 980 504 collegio
1018 451 1274 504 expeditius,
1311 464 1406 492 cum
1442 451 1680 491 interventu

104 524 320 565 secretarii
342 522 382 564 d.
407 521 576 576 Congr.‚
601 523 840 575 congregari
862 521 1054 563 debeant.

102 589 145 624 R.
163 600 221 632 ap.
241 589 276 623 S.
296 589 345 624 M.
368 589 414 622 M.
437 589 503 624 VII
520 589 599 623 Iun.
622 591 706 624 1696
725 588 767 623 P.
786 599 844 622 an.
865 589 908 622 V.

105 697 210 732 Ball.
228 697 335 731 Rom.
358 714 393 719 -
416 696 515 730 Bull.
537 699 581 730 de
598 707 703 738 prop.
725 697 799 736 fide
816 696 865 729 ΙΙ,
888 699 963 731 255.

188 808 259 850 37.
292 803 442 858 Congr.
481 804 532 845 de
566 817 683 857 prop.
708 803 805 844 fide.
836 828 862 834 —
896 803 1122 845 Decretum
1158 817 1282 856 super
1318 802 1690 844 dismembratione

107 875 404 917 nonnullarum
433 875 743 928 provinciarum
767 876 881 926 regni
905 874 1032 915 Sinici
1055 888 1079 914 a
1100 874 1233 915 dioec.
1262 874 1485 915 Pechinen.
1511 879 1554 914 et
1576 872 1691 914 Nan—

110 947 296 998 chinen.‚
319 945 714 987 committendarum
736 945 902 986 vicariis
922 951 1075 998 apost,
1094 958 1273 998 quorum
1291 945 1422 998 aliqui
1442 944 1694 985 decorentur

110 1019 176 1059 tit.
201 1018 329 1070 episc.
354 1019 395 1058 in
418 1022 526 1071 part.
552 1016 670 1058 infid.

110 1087 151 1118 27
168 1084 235 1119 Iul.
259 1087 351 1119 1696.

1437 1191 1587 1225 Elench.
1608 1191 1696 1226 hall.

194 1303 265 1346 38.
288 1302 335 1344 A.
355 1300 400 1341 F.
415 1300 463 1341 R.
485 1299 542 1340 M.
564 1303 692 1343 Alias
712 1315 739 1343 a
754 1303 1038 1356 particulavi
1060 1307 1279 1355 Cau-zyrey.
1299 1324 1324 1329 -
1343 1298 1436 1340 Iun.
1456 1298 1538 1339 XII
1555 1303 1698 1339 aucto·

112 1373 237 1412 ritate
259 1376 393 1425 apost.
417 1371 638 1412 confirmat
660 1370 828 1411 decreta
849 1371 888 1411 S.
913 1370 1061 1423 congr.
1083 1370 1345 1424 particularis
1363 1370 1414 1411 de
1430 1370 1551 1423 Prop.
1574 1369 1693 1421 Fide,

115 1445 139 1482 6
161 1442 251 1484 Oct.
280 1445 400 1494 1695,
423 1456 548 1496 super
577 1441 700 1482 rebus
736 1441 926 1493 Angliae,
959 1441 1110 1494 quibus
1146 1443 1238 1482 iura
1274 1442 1524 1482 vicariorum
1562 1445 1695 1493 apost.

116 1527 242 1566 supra
263 1513 449 1567 capitula
482 1518 566 1553 tam
603 1512 835 1553 saecularia
869 1526 993 1566 quam
1031 1514 1240 1564 regularia
1261 1518 1303 1553 et
1325 1526 1450 1565 super
1470 1512 1698 1564 Regulares

117 1598 386 1638 quoscunque
420 1586 546 1625 etiam
586 1583 626 1625 S.
651 1583 670 1624 I
711 1590 751 1624 et
785 1583 1030 1636 Congregat.
1064 1585 1309 1636 anglicanae
1352 1584 1392 1625 S.
1420 1583 1575 1624 Bened.
1614 1587 1697 1623 sta-

119 1660 310 1697 tuuntur.

119 1722 159 1756 R.
181 1733 237 1764 ap.
259 1721 294 1755 S.
315 1722 364 1756 M.
385 1722 418 1754 M
440 1721 469 1755 V
488 1721 566 1755 Oct.
591 1724 673 1756 1696
689 1722 727 1754 Ρ.
748 1732 805 1755 an.
831 1721 886 1756 Vl.

117 1830 217 1864 Bull.
238 1831 344 1866 Rom.
362 1848 405 1854 -
423 1830 526 1864 Ball.
545 1831 589 1863 de
603 1841 662 1873 pr.
683 1832 755 1869 fide
772 1828 823 1864 II.
846 1832 919 1864 156.

204 1941 275 1984 39.
308 1937 458 1992 Congr.
482 1937 524 1978 S.
550 1938 630 1978 [fit.
656 1961 680 1967 -
713 1937 936 1978 Decretum
969 1951 1040 1990 pro
1072 1938 1112 1979 S.
1138 1938 1169 1979 I.
1209 1938 1390 1979 officium
1424 1938 1465 1979 S.
1491 1937 1701 1991 Hedwigis

121 2010 375 2051 transferens
395 2009 439 2049 in
460 2011 511 2049 20
533 2008 625 2048 Oct.

120 2080 140 2111 6
159 2076 238 2110 Oct.
261 2079 354 2110 1696.

1444 2182 1594 2217 Elench.
1613 2182 1690 2216 bun

205 2295 282 2338 40.
316 2299 424 2337 Cum
443 2307 748 2349 nosnuper.-
768 2291 861 2333 Inn.
886 2290 967 2332 XII
1004 2291 1127 2332 breve
1162 2290 1215 2332 ad
1250 2290 1299 2331 P.
1325 2290 1427 2332 Ant.
1465 2289 1703 2332 Possaterio

125 2363 167 2406 S.
190 2364 227 2406 Ι.
250 2364 430 2405 electum
451 2364 530 2404 vic.
554 2369 688 2416 apost.
713 2377 828 2416 proV.
852 2361 997 2404 Xamsi
1020 2363 1062 2402 iu
1083 2375 1208 2414 regno
1230 2361 1441 2403 Sinarum.

125 2433 168 2464 20
185 2431 263 2464 Oct.
287 2432 382 2464 1696.

1448 2537 1599 2570 Elench.
1619 2537 1706 2570 bull.

210 2661 281 2703 41.
317 2666 423 2702 Czwz
444 2674 525 2702 nos
545 2674 702 2715 nuper.
727 2682 752 2688 -
778 2656 871 2698 Iun.
896 2656 977 2698 XII
1000 2657 1123 2698 breve
1146 2656 1198 2698 ad
1220 2657 1266 2698 P.
1290 2656 1387 2698 Car.
1412 2657 1640 2697 'I'urcetum
1662 2655 1705 2698 S.

130 2729 164 2770 Ι.
189 2730 368 2770 electum
404 2743 469 2782 ep.
495 2728 778 2770 Andrevilleu.
801 2730 845 2769 in
866 2742 906 2781 p.
941 2728 1015 2769 inf.
1040 2733 1082 2769 et
1103 2730 1180 2769 vic.
1207 2742 1275 2781 ap.
1301 2741 1415 2781 prov,
1441 2727 1642 2768 Ruecheu
1665 2728 1707 2767 iu

130 2813 257 2853 regno
276 2800 470 2842 Sinarum
491 2800 597 2852 (Cfr.
619 2800 744 2841 infra.
767 2799 828 2841 Cl.
852 2798 929 2851 XI,
955 2813 1026 2840 nn.
1053 2803 1091 2851 7,
1118 2803 1201 2852 17).

131 2869 173 2902 20
191 2866 269 2900 Oet.
291 2868 387 2901 1696.

1451 2974 1600 3006 Elench.
1621 2973 1682 3006 bul
1689 2974 1712 3005 l.
