1989 3252
270 214 434 258 Innoc.
456 213 543 256 XI.
942 235 997 241 —
1025 214 1108 253 404
1136 237 1190 243 -
1732 216 1860 260 1678.

269 298 395 340 dendi
415 298 457 340 d.
482 298 625 339 domui
647 300 891 352 contiguum
911 299 1079 340 hortum
1100 300 1181 341 val.
1205 301 1248 340 in
1269 314 1409 354 propr.
1429 302 1537 342 2100
1555 314 1611 342 sc.
1633 302 1724 350 (300
1741 300 1859 356 duc.)

268 370 386 412 redd.
415 370 544 411 annui
563 372 617 411 40
639 384 698 412 sc.

265 437 311 471 R.
331 448 389 480 ap.
411 436 447 471 S.
468 437 518 470 M.
540 437 587 470 M.
613 437 692 473 VIII
711 437 785 470 kal.
809 437 893 474 Dec.
915 440 1000 473 1677
1020 438 1204 473 P.an.11.

1489 547 1576 590 Req.
1596 548 1684 582 hall.
1710 548 1765 582 VI.
1784 550 1860 583 246.

352 658 394 700 S.
427 654 671 697 Facultates
690 668 914 697 concessae
935 670 959 697 a
981 655 1105 697 SS.D.
1130 655 1183 697 N.
1208 655 1454 697 Innocentio
1474 655 1535 696 XI
1565 656 1611 698 P.
1636 656 1669 697 F
1672 657 1861 699 rancisco

266 727 507 768 Lemercier
541 740 626 768 sac.
661 726 701 768 S.
727 726 761 768 Ι.
786 732 828 769 et
848 741 989 781 super.
1016 729 1131 769 miss.
1157 727 1292 769 eiusd.
1318 727 1358 770 S.
1384 728 1426 768 in
1450 729 1644 769 America
1664 729 1861 770 meridio-

265 799 365 841 nali.
389 823 415 829 —
435 798 485 839 In
506 812 646 852 congr.
671 812 750 851 gen
786 798 826 839 S.
853 796 934 840 Off.
948 797 1018 840 SS.
1040 798 1089 840 D.
1111 798 1163 840 N.
1184 798 1457 841 Innocentius
1476 799 1559 841 PP.
1579 799 1639 840 XI
1656 802 1864 842 concessit

273 904 354 912 .....
379 869 434 912 ad
457 870 740 923 septennium.
765 894 791 901 -—
811 869 880 911 Fr.
904 870 1025 912 Card.
1053 870 1322 912 Barberinus.
1347 870 1417 912 Fr.
1441 871 1667 913 Riccardus
1688 871 1787 913 Not.

269 938 309 972 F.
330 937 361 971 V
380 938 418 971 d.
437 941 457 973 9
474 939 559 972 Dec.
582 940 679 974 1677.

1445 1027 1534 1070 Rey.
1554 1027 1643 1063 bun.
1672 1027 1728 1061 VI.
1748 1029 1814 1062 244
1832 1028 1865 1062 b.

349 1138 392 1180 9.
424 1134 569 1177 lnnoc.
593 1134 654 1176 XI
689 1135 954 1177 confirmatio
990 1135 1147 1178 decreti
1168 1135 1209 1178 S.
1233 1136 1384 1190 Congr.
1409 1136 1461 1178 de
1481 1149 1602 1190 prop.
1625 1135 1708 1178 fide
1731 1138 1754 1177 6
1776 1141 1859 1178 oct.

272 1207 376 1248 1677
398 1207 473 1248 ubi
507 1207 625 1248 varia
658 1208 918 1260 inponuntur
951 1208 1142 1261 patribus
1163 1207 1205 1250 S.
1223 1207 1257 1250 I.
1297 1208 1477 1262 aliisque
1512 1208 1790 1249 missionariis
1819 1209 1864 1249 in

266 1280 405 1332 regnis
427 1279 638 1330 Sinarum‚
663 1278 888 1332 Tunchini,
922 1278 1188 1333 Cocincinae,
1213 1278 1486 1333 Cambagiae,
1510 1278 1641 1321 Siami
1676 1280 1856 1334 aliisque

272 1351 419 1391 vicinis
441 1364 537 1391 cum
558 1350 741 1391 formula
760 1351 988 1392 iuramenti
1010 1351 1062 1392 ab
1085 1351 1233 1393 iisdem
1255 1350 1515 1404 praestandi.

269 1419 309 1452 16
325 1418 402 1452 Ian.
426 1419 524 1452 1678.

1602 1494 1753 1530 Elench.
1774 1495 1862 1530 hall.

355 1607 426 1649 10.
458 1604 511 1647 A.
548 1603 595 1644 F.
635 1602 684 1644 R.
723 1602 781 1644 M.
823 1606 1047 1659 Illiusqzcz‘
1066 1606 1273 1647 charnas
1288 1609 1368 1647 esc.
1405 1602 1552 1645 Innoc.
1590 1602 1668 1656 XI,
1691 1608 1862 1656 petente

270 1682 375 1718 rect.
414 1676 509 1718 coll.
548 1675 786 1717 Ferrarien.
819 1674 859 1716 S.
884 1674 938 1727 1..
968 1672 1190 1716 confirmat
1224 1675 1491 1716 concordiam
1528 1676 1638 1716 inter
1673 1689 1862 1717 mensam

272 1748 553 1801 episcopalem
590 1751 633 1787 et
668 1746 708 1788 d.
733 1746 828 1788 coll.
867 1747 910 1787 in
946 1747 1125 1787 materia
1159 1746 1420 1788 decimarum
1456 1747 1606 1788 initam
1644 1748 1863 1801 (inseritur

270 1821 597 1861 instrumentum
632 1818 839 1870 italicum,
866 1820 915 1859 13
951 1818 1057 1872 Aug.
1095 1818 1217 1872 1678)
1253 1832 1349 1859 cum
1383 1818 1578 1860 omnibus
1613 1823 1655 1859 et
1689 1819 1863 1872 singulis

271 1893 459 1934 insertis.

270 1959 310 1993 R.
331 1970 388 2002 ap.
407 1958 443 1992 S.
465 1960 504 1992 Ρ.
526 1957 616 1993 XXI
635 1958 741 1992 Febr.
766 1960 847 1992 1678
870 1958 910 1991 Ρ.
932 1969 990 1991 an.
1011 1958 1055 1993 ΙΙ.

1358 2067 1443 2110 Rey.
1464 2067 1553 2101 buli.
1578 2067 1616 2101 V.
1635 2070 1690 2110 25,
1706 2068 1809 2102 b—254
1830 2068 1862 2102 b.

350 2180 420 2223 11.
457 2185 564 2222 Cum
585 2181 645 2233 fe.
667 2194 730 2222 re.
755 2203 781 2209 —
801 2177 945 2220 Innoc.
969 2176 1029 2218 XI
1051 2177 1313 2231 indulgentia
1340 2191 1414 2230 pro
1450 2191 1602 2220 comm.
1640 2190 1779 2230 gener.
1819 2178 1862 2217 in

272 2250 374 2292 eccl.
400 2250 441 2292 S.
466 2249 501 2292 I.
526 2256 569 2291 et
589 2250 705 2292 alibi.
732 2250 834 2299 (Gfr.
858 2250 952 2292 Inn.
977 2249 1030 2302 X,
1054 2264 1094 2291 n.
1120 2252 1191 2303 26)
1214 2250 1278 2291 Ad
1302 2251 1351 2291 15
1373 2263 1520 2292 annos.

271 2321 289 2351 4
307 2317 417 2351 Mart.
439 2318 534 2351 1678.
1334 2345 1336 2347 .

1600 2393 1753 2428 Elench.
1772 2393 1862 2427 bula.

352 2505 423 2548 12.
457 2503 498 2545 S.
522 2503 672 2556 Congr.
697 2503 748 2544 de
770 2516 890 2556 prop.
914 2502 997 2544 fide
1019 2502 1190 2544 decreta
1210 2502 1332 2556 plura
1360 2516 1486 2555 super
1520 2501 1646 2543 rebus
1668 2502 1861 2543 Orienta-

268 2574 396 2628 libus,
420 2575 493 2616 ubi
513 2576 641 2617 etiam
663 2574 801 2629 quoad
822 2575 1109 2616 missionarios
1131 2573 1174 2615 S.
1197 2573 1233 2615 Ι.

270 2643 309 2675 21
332 2642 441 2677 Mart.
463 2645 559 2676 1678.

1599 2717 1748 2752 Elench.
1770 2717 1859 2751 bull.

349 2830 421 2873 13.
455 2827 496 2869 S.
522 2827 670 2880 Congr.
697 2827 747 2868 de
769 2840 887 2880 prop.
912 2825 995 2868 fide
1018 2827 1187 2868 decreta
1205 2827 1321 2868 varia
1343 2840 1469 2880 super
1490 2826 1615 2867 rebus
1646 2825 1855 2867 Sinarum.

266 2898 470 2941 Similiter
494 2900 543 2939 17
565 2898 678 2950 Iulii,
701 2900 725 2939 7
748 2899 940 2952 Augusti,
962 2900 1016 2940 28
1039 2899 1166 2952 Aug.‚
1188 2900 1237 2941 21
1264 2897 1302 2939 N
1306 2912 1372 2940 ov,

265 2967 307 2999 26
324 2966 412 3008 Apr.
434 2968 532 3001 1678.

1598 3040 1752 3076 Elench.
1771 3040 1860 3077 bula.
