<?xml version="1.0" encoding="UTF-8"?>
<!DOCTYPE html PUBLIC "-//W3C//DTD XHTML 1.0 Transitional//EN"
    "http://www.w3.org/TR/xhtml1/DTD/xhtml1-transitional.dtd">
<html xmlns="http://www.w3.org/1999/xhtml" xml:lang="en" lang="en">
 <head>
  <title>
</title>
<meta http-equiv="Content-Type" content="text/html;charset=utf-8" />
  <meta name='ocr-system' content='tesseract 3.04.00' />
  <meta name='ocr-capabilities' content='ocr_page ocr_carea ocr_par ocr_line ocrx_word'/>
</head>
<body>
  <div class='ocr_page' id='page_1' title='image "./synopsisactorums02delp_0017.png"; bbox 0 0 1989 3189; ppageno 0'>
   <div class='ocr_carea' id='block_1_1' title="bbox 147 209 1720 255">
    <p class='ocr_par' dir='ltr' id='par_1_1' title="bbox 147 209 1720 255">
     <span class='ocr_line' id='line_1_1' title="bbox 147 209 1720 255; baseline -0.002 -1"><span class='ocrx_word' id='word_1_1' title='bbox 147 210 289 254; x_wconf 70' lang='lat' dir='ltr'><strong>Pauli</strong></span> <span class='ocrx_word' id='word_1_2' title='bbox 309 209 361 253; x_wconf 86' lang='lat' dir='ltr'><strong>V.</strong></span> <span class='ocrx_word' id='word_1_3' title='bbox 816 232 870 238; x_wconf 89' lang='lat'><strong>—-</strong></span> <span class='ocrx_word' id='word_1_4' title='bbox 896 210 977 250; x_wconf 80' lang='lat'><strong>233</strong></span> <span class='ocrx_word' id='word_1_5' title='bbox 1006 234 1060 239; x_wconf 91' lang='lat'><strong>-—</strong></span> <span class='ocrx_word' id='word_1_6' title='bbox 1588 212 1720 255; x_wconf 80' lang='lat'>1605.</span> 
     </span>
    </p>
   </div>
   <div class='ocr_carea' id='block_1_2' title="bbox 142 294 1722 777">
    <p class='ocr_par' dir='ltr' id='par_1_2' title="bbox 142 294 1722 777">
     <span class='ocr_line' id='line_1_2' title="bbox 147 294 1722 350; baseline 0.001 -13"><span class='ocrx_word' id='word_1_7' title='bbox 147 294 302 348; x_wconf 85' lang='lat' dir='ltr'><strong>degunt</strong></span> <span class='ocrx_word' id='word_1_8' title='bbox 326 312 333 337; x_wconf 74' lang='grc' dir='ltr'>ε</span> <span class='ocrx_word' id='word_1_9' title='bbox 360 298 400 336; x_wconf 85' lang='grc' dir='ltr'><strong>1ο</strong></span> <span class='ocrx_word' id='word_1_10' title='bbox 424 294 692 348; x_wconf 87' lang='lat' dir='ltr'><strong>dispensandi</strong></span> <span class='ocrx_word' id='word_1_11' title='bbox 712 296 823 336; x_wconf 85' lang='lat' dir='ltr'><strong>sicut</strong></span> <span class='ocrx_word' id='word_1_12' title='bbox 843 309 1085 337; x_wconf 83' lang='lat' dir='ltr'><strong>concessum</strong></span> <span class='ocrx_word' id='word_1_13' title='bbox 1107 301 1170 338; x_wconf 89' lang='lat' dir='ltr'><strong>est</strong></span> <span class='ocrx_word' id='word_1_14' title='bbox 1191 297 1386 339; x_wconf 88' lang='lat' dir='ltr'><strong>Patribus</strong></span> <span class='ocrx_word' id='word_1_15' title='bbox 1406 298 1451 338; x_wconf 91' lang='lat' dir='ltr'><strong>in</strong></span> <span class='ocrx_word' id='word_1_16' title='bbox 1470 296 1621 350; x_wconf 85' lang='lat' dir='ltr'><strong>Anglia</strong></span> <span class='ocrx_word' id='word_1_17' title='bbox 1640 310 1722 338; x_wconf 88' lang='lat' dir='ltr'><strong>non</strong></span> 
     </span>
     <span class='ocr_line' id='line_1_3' title="bbox 146 365 1722 419; baseline 0.001 -12"><span class='ocrx_word' id='word_1_18' title='bbox 146 365 279 408; x_wconf 87' lang='lat' dir='ltr'><strong>solum</strong></span> <span class='ocrx_word' id='word_1_19' title='bbox 299 367 343 407; x_wconf 89' lang='lat' dir='ltr'><strong>in</strong></span> <span class='ocrx_word' id='word_1_20' title='bbox 363 366 642 407; x_wconf 80' lang='lat' dir='ltr'><strong>matrimoniis</strong></span> <span class='ocrx_word' id='word_1_21' title='bbox 662 367 706 406; x_wconf 89' lang='lat' dir='ltr'><strong>in</strong></span> <span class='ocrx_word' id='word_1_22' title='bbox 726 367 850 407; x_wconf 89' lang='lat' dir='ltr'><strong>tertio</strong></span> <span class='ocrx_word' id='word_1_23' title='bbox 871 366 1000 419; x_wconf 84' lang='lat' dir='ltr'><strong>gradu</strong></span> <span class='ocrx_word' id='word_1_24' title='bbox 1023 370 1248 410; x_wconf 85' lang='lat' dir='ltr'><strong>contractis</strong></span> <span class='ocrx_word' id='word_1_25' title='bbox 1269 369 1341 410; x_wconf 89' lang='lat' dir='ltr'><strong>sed</strong></span> <span class='ocrx_word' id='word_1_26' title='bbox 1357 369 1484 410; x_wconf 89' lang='lat' dir='ltr'><strong>etiam</strong></span> <span class='ocrx_word' id='word_1_27' title='bbox 1499 369 1542 409; x_wconf 89' lang='lat' dir='ltr'><strong>in</strong></span> <span class='ocrx_word' id='word_1_28' title='bbox 1558 372 1722 409; x_wconf 85' lang='lat' dir='ltr'><strong>contra-</strong></span> 
     </span>
     <span class='ocr_line' id='line_1_4' title="bbox 145 430 1721 492; baseline 0.001 -14"><span class='ocrx_word' id='word_1_29' title='bbox 145 437 292 479; x_wconf 86' lang='lat' dir='ltr'><strong>hendis</strong></span> <span class='ocrx_word' id='word_1_30' title='bbox 314 436 366 478; x_wconf 90' lang='lat' dir='ltr'><strong>ob</strong></span> <span class='ocrx_word' id='word_1_31' title='bbox 386 437 604 478; x_wconf 72' lang='lat' dir='ltr'>honestam</span> <span class='ocrx_word' id='word_1_32' title='bbox 626 437 865 491; x_wconf 86' lang='lat' dir='ltr'><strong>iustamque</strong></span> <span class='ocrx_word' id='word_1_33' title='bbox 882 451 1068 491; x_wconf 88' lang='lat' dir='ltr'><strong>causam,</strong></span> <span class='ocrx_word' id='word_1_34' title='bbox 1088 440 1224 492; x_wconf 86' lang='lat' dir='ltr'><strong>qualis</strong></span> <span class='ocrx_word' id='word_1_35' title='bbox 1240 444 1349 481; x_wconf 88' lang='lat' dir='ltr'><strong>esset</strong></span> <span class='ocrx_word' id='word_1_36' title='bbox 1364 453 1447 480; x_wconf 91' lang='lat' dir='ltr'><strong>non</strong></span> <span class='ocrx_word' id='word_1_37' title='bbox 1462 430 1596 480; x_wconf 83' lang='lat' dir='ltr'><strong>solum</strong></span> <span class='ocrx_word' id='word_1_38' title='bbox 1611 440 1721 492; x_wconf 89' lang='lat' dir='ltr'><strong>peri-</strong></span> 
     </span>
     <span class='ocr_line' id='line_1_5' title="bbox 144 507 1720 563; baseline 0.001 -14"><span class='ocrx_word' id='word_1_39' title='bbox 144 508 282 549; x_wconf 82' lang='lat' dir='ltr'><strong>culum</strong></span> <span class='ocrx_word' id='word_1_40' title='bbox 298 507 571 549; x_wconf 87' lang='lat' dir='ltr'><strong>contrahendi</strong></span> <span class='ocrx_word' id='word_1_41' title='bbox 588 521 682 548; x_wconf 89' lang='lat' dir='ltr'><strong>cum</strong></span> <span class='ocrx_word' id='word_1_42' title='bbox 698 507 923 549; x_wconf 80' lang='lat' dir='ltr'><strong>haereticis</strong></span> <span class='ocrx_word' id='word_1_43' title='bbox 940 508 1012 549; x_wconf 90' lang='lat' dir='ltr'><strong>sed</strong></span> <span class='ocrx_word' id='word_1_44' title='bbox 1029 510 1158 550; x_wconf 86' lang='lat' dir='ltr'><strong>etiam</strong></span> <span class='ocrx_word' id='word_1_45' title='bbox 1175 524 1269 551; x_wconf 88' lang='lat' dir='ltr'><strong>cum</strong></span> <span class='ocrx_word' id='word_1_46' title='bbox 1285 511 1336 550; x_wconf 90' lang='lat' dir='ltr'><strong>iis</strong></span> <span class='ocrx_word' id='word_1_47' title='bbox 1353 511 1424 563; x_wconf 92' lang='lat' dir='ltr'><strong>qui</strong></span> <span class='ocrx_word' id='word_1_48' title='bbox 1439 514 1537 550; x_wconf 87' lang='lat' dir='ltr'><strong>sunt</strong></span> <span class='ocrx_word' id='word_1_49' title='bbox 1547 510 1720 550; x_wconf 85' lang='lat' dir='ltr'><strong>alterius</strong></span> 
     </span>
     <span class='ocr_line' id='line_1_6' title="bbox 145 578 1719 634; baseline 0.001 -14"><span class='ocrx_word' id='word_1_50' title='bbox 145 579 414 631; x_wconf 76' lang='lat' dir='ltr'><strong>educationis,</strong></span> <span class='ocrx_word' id='word_1_51' title='bbox 438 592 463 619; x_wconf 87' lang='lat' dir='ltr'><strong>a</strong></span> <span class='ocrx_word' id='word_1_52' title='bbox 483 592 565 632; x_wconf 85' lang='lat' dir='ltr'><strong>quo</strong></span> <span class='ocrx_word' id='word_1_53' title='bbox 586 578 765 619; x_wconf 88' lang='lat' dir='ltr'><strong>multum</strong></span> <span class='ocrx_word' id='word_1_54' title='bbox 795 579 1020 620; x_wconf 88' lang='lat' dir='ltr'><strong>abhorrere</strong></span> <span class='ocrx_word' id='word_1_55' title='bbox 1050 581 1185 622; x_wconf 79' lang='lat' dir='ltr'>solent</span> <span class='ocrx_word' id='word_1_56' title='bbox 1214 580 1403 634; x_wconf 88' lang='lat' dir='ltr'><strong>Hyberni</strong></span> <span class='ocrx_word' id='word_1_57' title='bbox 1434 584 1476 621; x_wconf 83' lang='lat'><strong>2⁰</strong></span> <span class='ocrx_word' id='word_1_58' title='bbox 1504 580 1719 634; x_wconf 82' lang='lat' dir='ltr'><strong>indulgen-</strong></span> 
     </span>
     <span class='ocr_line' id='line_1_7' title="bbox 142 644 1716 704; baseline 0.001 -13"><span class='ocrx_word' id='word_1_59' title='bbox 142 650 241 691; x_wconf 83' lang='lat' dir='ltr'><strong>tiam</strong></span> <span class='ocrx_word' id='word_1_60' title='bbox 262 649 543 703; x_wconf 87' lang='lat' dir='ltr'><strong>consequendi</strong></span> <span class='ocrx_word' id='word_1_61' title='bbox 563 650 606 690; x_wconf 89' lang='lat' dir='ltr'><strong>in</strong></span> <span class='ocrx_word' id='word_1_62' title='bbox 625 644 805 703; x_wconf 62' lang='lat' dir='ltr'><strong>&#39;quatuor</strong></span> <span class='ocrx_word' id='word_1_63' title='bbox 832 654 1103 702; x_wconf 88' lang='lat' dir='ltr'><strong>patronorum</strong></span> <span class='ocrx_word' id='word_1_64' title='bbox 1133 650 1375 704; x_wconf 87' lang='lat' dir='ltr'><strong>Hyberniae</strong></span> <span class='ocrx_word' id='word_1_65' title='bbox 1404 651 1552 692; x_wconf 89' lang='lat' dir='ltr'><strong>diebus</strong></span> <span class='ocrx_word' id='word_1_66' title='bbox 1582 651 1716 703; x_wconf 82' lang='lat' dir='ltr'><strong>festis,</strong></span> 
     </span>
     <span class='ocr_line' id='line_1_8' title="bbox 142 721 1716 777; baseline 0.001 -15"><span class='ocrx_word' id='word_1_67' title='bbox 142 722 245 763; x_wconf 69' lang='lat' dir='ltr'><strong>sicut</strong></span> <span class='ocrx_word' id='word_1_68' title='bbox 265 721 521 775; x_wconf 84' lang='lat' dir='ltr'><strong>Anglicanae</strong></span> <span class='ocrx_word' id='word_1_69' title='bbox 543 723 729 763; x_wconf 74' lang='lat' dir='ltr'><strong>missioni</strong></span> <span class='ocrx_word' id='word_1_70' title='bbox 761 736 1003 764; x_wconf 87' lang='lat' dir='ltr'><strong>concessum</strong></span> <span class='ocrx_word' id='word_1_71' title='bbox 1034 727 1096 764; x_wconf 91' lang='lat' dir='ltr'><strong>est</strong></span> <span class='ocrx_word' id='word_1_72' title='bbox 1117 725 1160 764; x_wconf 91' lang='lat' dir='ltr'><strong>in</strong></span> <span class='ocrx_word' id='word_1_73' title='bbox 1189 724 1305 765; x_wconf 88' lang='lat' dir='ltr'><strong>festis</strong></span> <span class='ocrx_word' id='word_1_74' title='bbox 1336 724 1376 766; x_wconf 91' lang='lat' dir='ltr'><strong>S.</strong></span> <span class='ocrx_word' id='word_1_75' title='bbox 1400 722 1582 777; x_wconf 81' lang='lat' dir='ltr'><strong>Georgii,</strong></span> <span class='ocrx_word' id='word_1_76' title='bbox 1614 721 1716 764; x_wconf 85' lang='lat' dir='ltr'><strong>Gre-</strong></span> 
     </span>
    </p>
   </div>
   <div class='ocr_carea' id='block_1_3' title="bbox 140 791 935 901">
    <p class='ocr_par' dir='ltr' id='par_1_3' title="bbox 140 791 935 901">
     <span class='ocr_line' id='line_1_9' title="bbox 140 791 935 846; baseline 0.001 -13"><span class='ocrx_word' id='word_1_77' title='bbox 140 793 240 846; x_wconf 84' lang='lat' dir='ltr'><strong>gorii</strong></span> <span class='ocrx_word' id='word_1_78' title='bbox 259 792 324 845; x_wconf 88' lang='lat' dir='ltr'><strong>P.‚</strong></span> <span class='ocrx_word' id='word_1_79' title='bbox 348 792 388 834; x_wconf 88' lang='lat' dir='ltr'><strong>S.</strong></span> <span class='ocrx_word' id='word_1_80' title='bbox 413 793 587 845; x_wconf 82' lang='lat' dir='ltr'><strong>August.</strong></span> <span class='ocrx_word' id='word_1_81' title='bbox 612 797 654 833; x_wconf 87' lang='lat' dir='ltr'><strong>et</strong></span> <span class='ocrx_word' id='word_1_82' title='bbox 674 791 714 833; x_wconf 93' lang='lat' dir='ltr'><strong>S.</strong></span> <span class='ocrx_word' id='word_1_83' title='bbox 740 793 935 834; x_wconf 85' lang='lat' dir='ltr'><strong>Thomae.</strong></span> 
     </span>
     <span class='ocr_line' id='line_1_10' title="bbox 143 859 414 901; baseline -0.007 -8"><span class='ocrx_word' id='word_1_84' title='bbox 143 860 184 893; x_wconf 81' lang='lat'><strong>23</strong></span> <span class='ocrx_word' id='word_1_85' title='bbox 199 859 297 901; x_wconf 81' lang='lat' dir='ltr'><strong>Sept.</strong></span> <span class='ocrx_word' id='word_1_86' title='bbox 319 860 414 893; x_wconf 83' lang='lat'>1605.</span> 
     </span>
    </p>
   </div>
   <div class='ocr_carea' id='block_1_4' title="bbox 1282 969 1711 1012">
    <p class='ocr_par' dir='ltr' id='par_1_4' title="bbox 1282 969 1711 1012">
     <span class='ocr_line' id='line_1_11' title="bbox 1282 969 1711 1012; baseline -0.005 -8"><span class='ocrx_word' id='word_1_87' title='bbox 1282 970 1367 1012; x_wconf 70' lang='lat' dir='ltr'><strong>Rey.</strong></span> <span class='ocrx_word' id='word_1_88' title='bbox 1389 969 1476 1003; x_wconf 76' lang='lat' dir='ltr'><strong>bull.</strong></span> <span class='ocrx_word' id='word_1_89' title='bbox 1496 969 1563 1004; x_wconf 90' lang='lat' dir='ltr'>IV.</span> <span class='ocrx_word' id='word_1_90' title='bbox 1585 971 1658 1004; x_wconf 83' lang='lat'>183.</span> <span class='ocrx_word' id='word_1_91' title='bbox 1679 970 1711 1003; x_wconf 90' lang='lat' dir='ltr'><strong>b.</strong></span> 
     </span>
    </p>
   </div>
   <div class='ocr_carea' id='block_1_5' title="bbox 118 1077 1708 1918">
    <p class='ocr_par' dir='ltr' id='par_1_5' title="bbox 118 1077 1708 1918">
     <span class='ocr_line' id='line_1_12' title="bbox 211 1077 1704 1124; baseline -0.003 0"><span class='ocrx_word' id='word_1_92' title='bbox 211 1082 283 1124; x_wconf 79' lang='lat'>18.</span> <span class='ocrx_word' id='word_1_93' title='bbox 302 1086 375 1122; x_wconf 65' lang='lat' dir='ltr'><strong>Em</strong></span> <span class='ocrx_word' id='word_1_94' title='bbox 389 1086 591 1123; x_wconf 73' lang='lat' dir='ltr'><strong>iniuncto</strong></span> <span class='ocrx_word' id='word_1_95' title='bbox 609 1082 780 1123; x_wconf 62' lang='lat' dir='ltr'><strong>rzohzs.-</strong></span> <span class='ocrx_word' id='word_1_96' title='bbox 795 1077 1308 1121; x_wconf 78' lang='lat' dir='ltr'><strong>Paul.Varchidiac.eccl.</strong></span> <span class='ocrx_word' id='word_1_97' title='bbox 1322 1079 1561 1121; x_wconf 87' lang='lat' dir='ltr'><strong>Nicoteren.</strong></span> <span class='ocrx_word' id='word_1_98' title='bbox 1577 1084 1617 1120; x_wconf 88' lang='lat' dir='ltr'><strong>et</strong></span> <span class='ocrx_word' id='word_1_99' title='bbox 1626 1080 1704 1120; x_wconf 87' lang='lat' dir='ltr'><strong>vic.</strong></span> 
     </span>
     <span class='ocr_line' id='line_1_13' title="bbox 132 1149 1703 1203; baseline 0.001 -12"><span class='ocrx_word' id='word_1_100' title='bbox 132 1163 222 1202; x_wconf 84' lang='lat' dir='ltr'><strong>gen.</strong></span> <span class='ocrx_word' id='word_1_101' title='bbox 246 1149 443 1203; x_wconf 77' lang='lat' dir='ltr'><strong>Episcopi</strong></span> <span class='ocrx_word' id='word_1_102' title='bbox 465 1149 703 1191; x_wconf 88' lang='lat' dir='ltr'><strong>Nicoteren.</strong></span> <span class='ocrx_word' id='word_1_103' title='bbox 728 1149 951 1190; x_wconf 76' lang='lat' dir='ltr'><strong>committit</strong></span> <span class='ocrx_word' id='word_1_104' title='bbox 971 1156 1017 1190; x_wconf 90' lang='lat' dir='ltr'><strong>ut</strong></span> <span class='ocrx_word' id='word_1_105' title='bbox 1034 1151 1206 1191; x_wconf 89' lang='lat' dir='ltr'><strong>attentis</strong></span> <span class='ocrx_word' id='word_1_106' title='bbox 1222 1149 1303 1192; x_wconf 89' lang='lat' dir='ltr'><strong>litt.</strong></span> <span class='ocrx_word' id='word_1_107' title='bbox 1328 1149 1449 1191; x_wconf 91' lang='lat' dir='ltr'><strong>Pauli</strong></span> <span class='ocrx_word' id='word_1_108' title='bbox 1468 1149 1511 1190; x_wconf 89' lang='grc' dir='ltr'><strong>ΙΙ</strong></span> <span class='ocrx_word' id='word_1_109' title='bbox 1535 1157 1642 1194; x_wconf 69' lang='lat' dir='ltr'><strong>Cum</strong></span> <span class='ocrx_word' id='word_1_110' title='bbox 1660 1157 1703 1192; x_wconf 67' lang='lat' dir='ltr'><strong>ln</strong></span> 
     </span>
     <span class='ocr_line' id='line_1_14' title="bbox 129 1220 1708 1274; baseline 0.001 -14"><span class='ocrx_word' id='word_1_111' title='bbox 129 1225 336 1265; x_wconf 57' lang='lat' dir='ltr'><strong>ommibus</strong></span> <span class='ocrx_word' id='word_1_112' title='bbox 355 1224 555 1272; x_wconf 58' lang='lat' dir='ltr'><strong>malletis,</strong></span> <span class='ocrx_word' id='word_1_113' title='bbox 569 1221 807 1274; x_wconf 88' lang='lat' dir='ltr'><strong>petentibus</strong></span> <span class='ocrx_word' id='word_1_114' title='bbox 816 1220 905 1274; x_wconf 75' lang='lat' dir='ltr'><strong>Epo</strong></span> <span class='ocrx_word' id='word_1_115' title='bbox 918 1221 1114 1274; x_wconf 89' lang='lat' dir='ltr'><strong>Tropien.</strong></span> <span class='ocrx_word' id='word_1_116' title='bbox 1126 1255 1133 1273; x_wconf 92' lang='lat'><strong>,</strong></span> <span class='ocrx_word' id='word_1_117' title='bbox 1144 1221 1399 1274; x_wconf 74' lang='lat' dir='ltr'><strong>P1¹aep.Gen.</strong></span> <span class='ocrx_word' id='word_1_118' title='bbox 1415 1221 1455 1263; x_wconf 94' lang='lat' dir='ltr'><strong>S.</strong></span> <span class='ocrx_word' id='word_1_119' title='bbox 1471 1221 1524 1274; x_wconf 87' lang='lat' dir='ltr'>I.,</span> <span class='ocrx_word' id='word_1_120' title='bbox 1538 1223 1708 1262; x_wconf 88' lang='lat' dir='ltr'><strong>civitate</strong></span> 
     </span>
     <span class='ocr_line' id='line_1_15' title="bbox 127 1292 1706 1345; baseline 0 -11"><span class='ocrx_word' id='word_1_121' title='bbox 127 1297 169 1334; x_wconf 89' lang='lat' dir='ltr'><strong>et</strong></span> <span class='ocrx_word' id='word_1_122' title='bbox 188 1292 426 1333; x_wconf 86' lang='lat' dir='ltr'><strong>hominibus</strong></span> <span class='ocrx_word' id='word_1_123' title='bbox 447 1293 561 1333; x_wconf 87' lang='lat' dir='ltr'><strong>civit.</strong></span> <span class='ocrx_word' id='word_1_124' title='bbox 586 1292 778 1345; x_wconf 89' lang='lat' dir='ltr'><strong>Tropien.</strong></span> <span class='ocrx_word' id='word_1_125' title='bbox 804 1297 847 1334; x_wconf 88' lang='lat' dir='ltr'><strong>et</strong></span> <span class='ocrx_word' id='word_1_126' title='bbox 876 1293 1169 1334; x_wconf 83' lang='lat' dir='ltr'><strong>executoribus</strong></span> <span class='ocrx_word' id='word_1_127' title='bbox 1190 1297 1427 1335; x_wconf 82' lang='lat' dir='ltr'><strong>testament.</strong></span> <span class='ocrx_word' id='word_1_128' title='bbox 1454 1292 1644 1335; x_wconf 80' lang='lat' dir='ltr'><strong>Marcelli</strong></span> <span class='ocrx_word' id='word_1_129' title='bbox 1666 1298 1706 1334; x_wconf 78' lang='lat' dir='ltr'><strong>et</strong></span> 
     </span>
     <span class='ocr_line' id='line_1_16' title="bbox 125 1362 1707 1417; baseline 0 -13"><span class='ocrx_word' id='word_1_130' title='bbox 125 1362 289 1404; x_wconf 83' lang='lat' dir='ltr'><strong>Claudii</strong></span> <span class='ocrx_word' id='word_1_131' title='bbox 309 1363 360 1405; x_wconf 89' lang='lat' dir='ltr'><strong>de</strong></span> <span class='ocrx_word' id='word_1_132' title='bbox 381 1363 538 1414; x_wconf 88' lang='lat' dir='ltr'><strong>Taulis,</strong></span> <span class='ocrx_word' id='word_1_133' title='bbox 561 1364 671 1404; x_wconf 90' lang='lat' dir='ltr'><strong>bona</strong></span> <span class='ocrx_word' id='word_1_134' title='bbox 699 1365 917 1417; x_wconf 87' lang='lat' dir='ltr'><strong>utriusque</strong></span> <span class='ocrx_word' id='word_1_135' title='bbox 946 1378 1019 1417; x_wconf 89' lang='lat' dir='ltr'><strong>pro</strong></span> <span class='ocrx_word' id='word_1_136' title='bbox 1049 1365 1243 1417; x_wconf 82' lang='lat' dir='ltr'><strong>erigendo</strong></span> <span class='ocrx_word' id='word_1_137' title='bbox 1274 1365 1448 1417; x_wconf 83' lang='lat' dir='ltr'><strong>collegio</strong></span> <span class='ocrx_word' id='word_1_138' title='bbox 1479 1364 1519 1406; x_wconf 88' lang='lat' dir='ltr'><strong>S.</strong></span> <span class='ocrx_word' id='word_1_139' title='bbox 1552 1365 1586 1405; x_wconf 93' lang='lat' dir='ltr'><strong>I.</strong></span> <span class='ocrx_word' id='word_1_140' title='bbox 1615 1365 1707 1405; x_wconf 90' lang='lat' dir='ltr'><strong>fun-</strong></span> 
     </span>
     <span class='ocr_line' id='line_1_17' title="bbox 123 1434 1705 1482; baseline 0.001 -7"><span class='ocrx_word' id='word_1_141' title='bbox 123 1434 259 1476; x_wconf 89' lang='lat' dir='ltr'><strong>dando</strong></span> <span class='ocrx_word' id='word_1_142' title='bbox 294 1435 455 1482; x_wconf 82' lang='lat' dir='ltr'><strong>relicta,</strong></span> <span class='ocrx_word' id='word_1_143' title='bbox 479 1449 573 1475; x_wconf 89' lang='lat' dir='ltr'><strong>cum</strong></span> <span class='ocrx_word' id='word_1_144' title='bbox 609 1435 844 1476; x_wconf 85' lang='lat' dir='ltr'><strong>conditione</strong></span> <span class='ocrx_word' id='word_1_145' title='bbox 880 1450 903 1476; x_wconf 79' lang='lat' dir='ltr'><strong>a</strong></span> <span class='ocrx_word' id='word_1_146' title='bbox 939 1434 1110 1477; x_wconf 87' lang='lat' dir='ltr'><strong>Claudio</strong></span> <span class='ocrx_word' id='word_1_147' title='bbox 1151 1437 1278 1478; x_wconf 89' lang='lat' dir='ltr'><strong>etiam</strong></span> <span class='ocrx_word' id='word_1_148' title='bbox 1315 1438 1425 1478; x_wconf 79' lang='lat' dir='ltr'><strong>circa</strong></span> <span class='ocrx_word' id='word_1_149' title='bbox 1461 1437 1602 1478; x_wconf 81' lang='lat' dir='ltr'><strong>fratris</strong></span> <span class='ocrx_word' id='word_1_150' title='bbox 1641 1437 1705 1477; x_wconf 86' lang='lat' dir='ltr'><strong>sui</strong></span> 
     </span>
     <span class='ocr_line' id='line_1_18' title="bbox 123 1506 1701 1561; baseline 0.002 -14"><span class='ocrx_word' id='word_1_151' title='bbox 123 1506 311 1547; x_wconf 80' lang='lat' dir='ltr'><strong>defuncti</strong></span> <span class='ocrx_word' id='word_1_152' title='bbox 330 1506 440 1547; x_wconf 88' lang='lat' dir='ltr'><strong>bona</strong></span> <span class='ocrx_word' id='word_1_153' title='bbox 461 1507 652 1559; x_wconf 86' lang='lat' dir='ltr'><strong>apposita</strong></span> <span class='ocrx_word' id='word_1_154' title='bbox 670 1520 722 1547; x_wconf 91' lang='lat' dir='ltr'><strong>ne</strong></span> <span class='ocrx_word' id='word_1_155' title='bbox 743 1507 993 1558; x_wconf 85' lang='lat' dir='ltr'><strong>alienentur,</strong></span> <span class='ocrx_word' id='word_1_156' title='bbox 1013 1521 1130 1548; x_wconf 85' lang='lat' dir='ltr'><strong>secus</strong></span> <span class='ocrx_word' id='word_1_157' title='bbox 1146 1508 1198 1549; x_wconf 90' lang='lat' dir='ltr'><strong>ad</strong></span> <span class='ocrx_word' id='word_1_158' title='bbox 1219 1508 1362 1550; x_wconf 87' lang='lat' dir='ltr'><strong>domos</strong></span> <span class='ocrx_word' id='word_1_159' title='bbox 1383 1508 1593 1561; x_wconf 80' lang='lat' dir='ltr'><strong>regulares</strong></span> <span class='ocrx_word' id='word_1_160' title='bbox 1614 1508 1701 1550; x_wconf 88' lang='lat' dir='ltr'><strong>ord.</strong></span> 
     </span>
     <span class='ocr_line' id='line_1_19' title="bbox 122 1577 1704 1631; baseline 0 -12"><span class='ocrx_word' id='word_1_161' title='bbox 122 1578 162 1619; x_wconf 87' lang='lat' dir='ltr'>S.</span> <span class='ocrx_word' id='word_1_162' title='bbox 182 1577 250 1619; x_wconf 91' lang='lat' dir='ltr'><strong>Fr.</strong></span> <span class='ocrx_word' id='word_1_163' title='bbox 270 1578 321 1619; x_wconf 89' lang='lat' dir='ltr'><strong>de</strong></span> <span class='ocrx_word' id='word_1_164' title='bbox 342 1578 474 1618; x_wconf 82' lang='lat' dir='ltr'><strong>Paula</strong></span> <span class='ocrx_word' id='word_1_165' title='bbox 495 1583 536 1619; x_wconf 91' lang='lat' dir='ltr'><strong>et</strong></span> <span class='ocrx_word' id='word_1_166' title='bbox 556 1577 706 1619; x_wconf 85' lang='lat' dir='ltr'><strong>Minor.</strong></span> <span class='ocrx_word' id='word_1_167' title='bbox 726 1577 1059 1631; x_wconf 84' lang='lat' dir='ltr'><strong>Cappucinorum</strong></span> <span class='ocrx_word' id='word_1_168' title='bbox 1077 1584 1118 1619; x_wconf 85' lang='lat' dir='ltr'><strong>et</strong></span> <span class='ocrx_word' id='word_1_169' title='bbox 1136 1578 1182 1620; x_wconf 84' lang='lat' dir='ltr'><strong>B.</strong></span> <span class='ocrx_word' id='word_1_170' title='bbox 1202 1577 1260 1619; x_wconf 88' lang='lat' dir='ltr'><strong>M.</strong></span> <span class='ocrx_word' id='word_1_171' title='bbox 1281 1579 1330 1620; x_wconf 90' lang='lat' dir='ltr'><strong>de</strong></span> <span class='ocrx_word' id='word_1_172' title='bbox 1353 1579 1495 1620; x_wconf 86' lang='lat' dir='ltr'><strong>Monte</strong></span> <span class='ocrx_word' id='word_1_173' title='bbox 1515 1578 1704 1620; x_wconf 84' lang='lat' dir='ltr'><strong>Carmelo</strong></span> 
     </span>
     <span class='ocr_line' id='line_1_20' title="bbox 121 1649 1703 1704; baseline 0 -13"><span class='ocrx_word' id='word_1_174' title='bbox 121 1663 282 1691; x_wconf 87' lang='lat' dir='ltr'><strong>necnon</strong></span> <span class='ocrx_word' id='word_1_175' title='bbox 303 1651 603 1691; x_wconf 84' lang='lat' dir='ltr'><strong>heremitarum</strong></span> <span class='ocrx_word' id='word_1_176' title='bbox 627 1651 667 1691; x_wconf 84' lang='lat' dir='ltr'><strong>S.</strong></span> <span class='ocrx_word' id='word_1_177' title='bbox 693 1650 798 1703; x_wconf 84' lang='lat' dir='ltr'><strong>Aug.</strong></span> <span class='ocrx_word' id='word_1_178' title='bbox 823 1651 949 1691; x_wconf 83' lang='lat' dir='ltr'><strong>etiam</strong></span> <span class='ocrx_word' id='word_1_179' title='bbox 973 1649 1165 1704; x_wconf 82' lang='lat' dir='ltr'><strong>Tropien.</strong></span> <span class='ocrx_word' id='word_1_180' title='bbox 1191 1651 1524 1703; x_wconf 80' lang='lat' dir='ltr'><strong>devolverentur,</strong></span> <span class='ocrx_word' id='word_1_181' title='bbox 1547 1651 1703 1692; x_wconf 82' lang='lat' dir='ltr'><strong>vocatis</strong></span> 
     </span>
     <span class='ocr_line' id='line_1_21' title="bbox 120 1721 1702 1776; baseline 0 -13"><span class='ocrx_word' id='word_1_182' title='bbox 120 1722 316 1763; x_wconf 83' lang='lat' dir='ltr'><strong>vocandis</strong></span> <span class='ocrx_word' id='word_1_183' title='bbox 337 1721 512 1763; x_wconf 87' lang='lat' dir='ltr'><strong>alienari</strong></span> <span class='ocrx_word' id='word_1_184' title='bbox 541 1735 768 1776; x_wconf 86' lang='lat' dir='ltr'><strong>eorumque</strong></span> <span class='ocrx_word' id='word_1_185' title='bbox 799 1724 979 1775; x_wconf 80' lang='lat' dir='ltr'><strong>pretium</strong></span> <span class='ocrx_word' id='word_1_186' title='bbox 1010 1723 1053 1763; x_wconf 90' lang='lat' dir='ltr'><strong>in</strong></span> <span class='ocrx_word' id='word_1_187' title='bbox 1083 1724 1338 1776; x_wconf 87' lang='lat' dir='ltr'><strong>emptionem</strong></span> <span class='ocrx_word' id='word_1_188' title='bbox 1360 1723 1539 1764; x_wconf 85' lang='lat' dir='ltr'><strong>aliarum</strong></span> <span class='ocrx_word' id='word_1_189' title='bbox 1561 1723 1702 1764; x_wconf 90' lang='lat' dir='ltr'><strong>domo-</strong></span> 
     </span>
     <span class='ocr_line' id='line_1_22' title="bbox 119 1792 1701 1846; baseline -0.001 -12"><span class='ocrx_word' id='word_1_190' title='bbox 119 1807 211 1834; x_wconf 90' lang='lat' dir='ltr'><strong>rum</strong></span> <span class='ocrx_word' id='word_1_191' title='bbox 232 1794 275 1834; x_wconf 90' lang='lat' dir='ltr'><strong>in</strong></span> <span class='ocrx_word' id='word_1_192' title='bbox 296 1793 387 1834; x_wconf 91' lang='lat' dir='ltr'><strong>loco</strong></span> <span class='ocrx_word' id='word_1_193' title='bbox 409 1792 688 1834; x_wconf 88' lang='lat' dir='ltr'><strong>commodiore</strong></span> <span class='ocrx_word' id='word_1_194' title='bbox 711 1794 895 1834; x_wconf 87' lang='lat' dir='ltr'><strong>converti</strong></span> <span class='ocrx_word' id='word_1_195' title='bbox 925 1793 1065 1841; x_wconf 86' lang='lat' dir='ltr'><strong>faciat,</strong></span> <span class='ocrx_word' id='word_1_196' title='bbox 1099 1794 1326 1846; x_wconf 81' lang='lat' dir='ltr'><strong>praecipua</strong></span> <span class='ocrx_word' id='word_1_197' title='bbox 1355 1792 1425 1835; x_wconf 90' lang='lat' dir='ltr'><strong>SS.</strong></span> <span class='ocrx_word' id='word_1_198' title='bbox 1450 1793 1639 1835; x_wconf 85' lang='lat' dir='ltr'><strong>Marcelli</strong></span> <span class='ocrx_word' id='word_1_199' title='bbox 1661 1798 1701 1835; x_wconf 89' lang='lat' dir='ltr'><strong>et</strong></span> 
     </span>
     <span class='ocr_line' id='line_1_23' title="bbox 118 1863 1699 1918; baseline 0.001 -13"><span class='ocrx_word' id='word_1_200' title='bbox 118 1863 282 1905; x_wconf 86' lang='lat' dir='ltr'><strong>Claudii</strong></span> <span class='ocrx_word' id='word_1_201' title='bbox 303 1864 539 1905; x_wconf 87' lang='lat' dir='ltr'><strong>intentione</strong></span> <span class='ocrx_word' id='word_1_202' title='bbox 561 1863 813 1906; x_wconf 85' lang='lat' dir='ltr'><strong>erudiendae</strong></span> <span class='ocrx_word' id='word_1_203' title='bbox 834 1864 1065 1904; x_wconf 79' lang='lat' dir='ltr'><strong>iuventutis</strong></span> <span class='ocrx_word' id='word_1_204' title='bbox 1087 1864 1217 1905; x_wconf 74' lang='lat' dir='ltr'><strong>salva.</strong></span> <span class='ocrx_word' id='word_1_205' title='bbox 1249 1863 1498 1906; x_wconf 86' lang='lat' dir='ltr'><strong>Haereditas</strong></span> <span class='ocrx_word' id='word_1_206' title='bbox 1528 1869 1699 1918; x_wconf 84' lang='lat' dir='ltr'><strong>gravata</strong></span> 
     </span>
    </p>
   </div>
   <div class='ocr_carea' id='block_1_6' title="bbox 115 1934 951 2043">
    <p class='ocr_par' dir='ltr' id='par_1_6' title="bbox 115 1934 951 2043">
     <span class='ocr_line' id='line_1_24' title="bbox 117 1934 823 1977; baseline -0.001 -1"><span class='ocrx_word' id='word_1_207' title='bbox 117 1940 179 1976; x_wconf 86' lang='lat' dir='ltr'><strong>est</strong></span> <span class='ocrx_word' id='word_1_208' title='bbox 199 1949 294 1976; x_wconf 85' lang='lat' dir='ltr'><strong>aere</strong></span> <span class='ocrx_word' id='word_1_209' title='bbox 315 1935 452 1977; x_wconf 88' lang='lat' dir='ltr'><strong>alieno</strong></span> <span class='ocrx_word' id='word_1_210' title='bbox 475 1937 497 1976; x_wconf 86' lang='lat'><strong>3</strong></span> <span class='ocrx_word' id='word_1_211' title='bbox 519 1934 585 1976; x_wconf 89' lang='lat' dir='ltr'><strong>vel</strong></span> <span class='ocrx_word' id='word_1_212' title='bbox 605 1938 630 1975; x_wconf 82' lang='lat'>4</span> <span class='ocrx_word' id='word_1_213' title='bbox 652 1948 707 1975; x_wconf 90' lang='lat' dir='ltr'>m.</span> <span class='ocrx_word' id='word_1_214' title='bbox 732 1934 823 1975; x_wconf 92' lang='lat' dir='ltr'><strong>duc.</strong></span> 
     </span>
     <span class='ocr_line' id='line_1_25' title="bbox 115 2000 951 2043; baseline -0.006 -8"><span class='ocrx_word' id='word_1_215' title='bbox 115 2001 155 2035; x_wconf 79' lang='lat' dir='ltr'>R.</span> <span class='ocrx_word' id='word_1_216' title='bbox 175 2011 231 2043; x_wconf 85' lang='lat' dir='ltr'><strong>ap.</strong></span> <span class='ocrx_word' id='word_1_217' title='bbox 255 2001 289 2033; x_wconf 90' lang='lat' dir='ltr'><strong>S.</strong></span> <span class='ocrx_word' id='word_1_218' title='bbox 310 2000 359 2034; x_wconf 85' lang='lat' dir='ltr'>M.</span> <span class='ocrx_word' id='word_1_219' title='bbox 381 2001 459 2036; x_wconf 88' lang='lat' dir='ltr'>VIII</span> <span class='ocrx_word' id='word_1_220' title='bbox 480 2000 552 2034; x_wconf 75' lang='lat' dir='ltr'><strong>kal.</strong></span> <span class='ocrx_word' id='word_1_221' title='bbox 575 2000 662 2033; x_wconf 91' lang='lat' dir='ltr'>Nov.</span> <span class='ocrx_word' id='word_1_222' title='bbox 688 2003 770 2034; x_wconf 84' lang='lat'>1605</span> <span class='ocrx_word' id='word_1_223' title='bbox 787 2000 951 2041; x_wconf 68' lang='lat' dir='ltr'>P.an.1.</span> 
     </span>
    </p>
   </div>
   <div class='ocr_carea' id='block_1_7' title="bbox 1288 2113 1692 2155">
    <p class='ocr_par' dir='ltr' id='par_1_7' title="bbox 1288 2113 1692 2155">
     <span class='ocr_line' id='line_1_26' title="bbox 1288 2113 1692 2155; baseline 0 -10"><span class='ocrx_word' id='word_1_224' title='bbox 1288 2113 1374 2155; x_wconf 67' lang='lat' dir='ltr'><strong>Res]-</strong></span> <span class='ocrx_word' id='word_1_225' title='bbox 1395 2113 1482 2146; x_wconf 67' lang='lat' dir='ltr'>bzcll.</span> <span class='ocrx_word' id='word_1_226' title='bbox 1501 2113 1565 2146; x_wconf 91' lang='lat' dir='ltr'>IV.</span> <span class='ocrx_word' id='word_1_227' title='bbox 1586 2115 1638 2146; x_wconf 72' lang='lat'>23.</span> <span class='ocrx_word' id='word_1_228' title='bbox 1660 2114 1692 2146; x_wconf 93' lang='lat' dir='ltr'><strong>b.</strong></span> 
     </span>
    </p>
   </div>
   <div class='ocr_carea' id='block_1_8' title="bbox 108 2221 1697 2704">
    <p class='ocr_par' dir='ltr' id='par_1_8' title="bbox 108 2221 1697 2704">
     <span class='ocr_line' id='line_1_27' title="bbox 193 2221 1697 2275; baseline -0.003 -8"><span class='ocrx_word' id='word_1_229' title='bbox 193 2225 261 2269; x_wconf 78' lang='lat'><strong>19.</strong></span> <span class='ocrx_word' id='word_1_230' title='bbox 295 2226 438 2267; x_wconf 65' lang='lat' dir='ltr'><strong>Hodie</strong></span> <span class='ocrx_word' id='word_1_231' title='bbox 452 2227 742 2266; x_wconf 71' lang='lat' dir='ltr'><strong>emanarunt.</strong></span> <span class='ocrx_word' id='word_1_232' title='bbox 767 2247 793 2252; x_wconf 85' lang='lat'>-</span> <span class='ocrx_word' id='word_1_233' title='bbox 814 2221 930 2262; x_wconf 86' lang='lat' dir='ltr'><strong>Paul.</strong></span> <span class='ocrx_word' id='word_1_234' title='bbox 956 2221 991 2261; x_wconf 88' lang='lat' dir='ltr'>V</span> <span class='ocrx_word' id='word_1_235' title='bbox 1013 2222 1103 2275; x_wconf 78' lang='lat' dir='ltr'><strong>Epo</strong></span> <span class='ocrx_word' id='word_1_236' title='bbox 1124 2221 1377 2264; x_wconf 88' lang='lat' dir='ltr'><strong>Bracharen.</strong></span> <span class='ocrx_word' id='word_1_237' title='bbox 1402 2237 1452 2263; x_wconf 90' lang='lat' dir='ltr'><strong>ac</strong></span> <span class='ocrx_word' id='word_1_238' title='bbox 1478 2222 1634 2263; x_wconf 82' lang='lat' dir='ltr'><strong>decano</strong></span> <span class='ocrx_word' id='word_1_239' title='bbox 1656 2227 1697 2263; x_wconf 89' lang='lat' dir='ltr'><strong>et</strong></span> 
     </span>
     <span class='ocr_line' id='line_1_28' title="bbox 111 2293 1690 2335; baseline -0.002 -1"><span class='ocrx_word' id='word_1_240' title='bbox 111 2294 271 2335; x_wconf 88' lang='lat' dir='ltr'><strong>cantori</strong></span> <span class='ocrx_word' id='word_1_241' title='bbox 302 2293 402 2334; x_wconf 87' lang='lat' dir='ltr'><strong>eccl.</strong></span> <span class='ocrx_word' id='word_1_242' title='bbox 432 2293 683 2333; x_wconf 88' lang='lat' dir='ltr'><strong>Bracharen.</strong></span> <span class='ocrx_word' id='word_1_243' title='bbox 709 2293 933 2333; x_wconf 86' lang='lat' dir='ltr'><strong>committit</strong></span> <span class='ocrx_word' id='word_1_244' title='bbox 962 2297 1125 2334; x_wconf 78' lang='lat' dir='ltr'><strong>execut.</strong></span> <span class='ocrx_word' id='word_1_245' title='bbox 1159 2293 1392 2335; x_wconf 86' lang='lat' dir='ltr'><strong>litterarum</strong></span> <span class='ocrx_word' id='word_1_246' title='bbox 1414 2296 1466 2332; x_wconf 86' lang='lat' dir='ltr'><strong>A.</strong></span> <span class='ocrx_word' id='word_1_247' title='bbox 1490 2296 1539 2332; x_wconf 90' lang='lat' dir='ltr'><strong>P.</strong></span> <span class='ocrx_word' id='word_1_248' title='bbox 1564 2296 1611 2332; x_wconf 77' lang='lat' dir='ltr'><strong>R.</strong></span> <span class='ocrx_word' id='word_1_249' title='bbox 1632 2295 1690 2331; x_wconf 78' lang='lat' dir='ltr'>M.</span> 
     </span>
     <span class='ocr_line' id='line_1_29' title="bbox 110 2362 1693 2417; baseline 0.002 -14"><span class='ocrx_word' id='word_1_250' title='bbox 110 2366 237 2404; x_wconf 69' lang='lat' dir='ltr'><strong>Inter</strong></span> <span class='ocrx_word' id='word_1_251' title='bbox 257 2365 403 2404; x_wconf 68' lang='lat' dir='ltr'><strong>cetera</strong></span> <span class='ocrx_word' id='word_1_252' title='bbox 423 2362 590 2414; x_wconf 59' lang='lat' dir='ltr'><strong>cordis,</strong></span> <span class='ocrx_word' id='word_1_253' title='bbox 614 2363 765 2417; x_wconf 89' lang='lat' dir='ltr'><strong>quibus</strong></span> <span class='ocrx_word' id='word_1_254' title='bbox 794 2364 1065 2405; x_wconf 86' lang='lat' dir='ltr'><strong>confirmatur</strong></span> <span class='ocrx_word' id='word_1_255' title='bbox 1092 2366 1319 2406; x_wconf 85' lang='lat' dir='ltr'><strong>transactio</strong></span> <span class='ocrx_word' id='word_1_256' title='bbox 1354 2366 1464 2406; x_wconf 89' lang='lat' dir='ltr'><strong>inter</strong></span> <span class='ocrx_word' id='word_1_257' title='bbox 1491 2370 1693 2406; x_wconf 87' lang='lat' dir='ltr'><strong>rectorem</strong></span> 
     </span>
     <span class='ocr_line' id='line_1_30' title="bbox 111 2434 1692 2489; baseline 0 -12"><span class='ocrx_word' id='word_1_258' title='bbox 111 2436 205 2477; x_wconf 88' lang='lat' dir='ltr'><strong>coll.</strong></span> <span class='ocrx_word' id='word_1_259' title='bbox 230 2435 268 2476; x_wconf 77' lang='lat' dir='ltr'><strong>d.</strong></span> <span class='ocrx_word' id='word_1_260' title='bbox 295 2436 407 2477; x_wconf 85' lang='lat' dir='ltr'><strong>civit.</strong></span> <span class='ocrx_word' id='word_1_261' title='bbox 432 2434 472 2476; x_wconf 91' lang='lat' dir='ltr'><strong>S.</strong></span> <span class='ocrx_word' id='word_1_262' title='bbox 497 2435 529 2475; x_wconf 93' lang='lat' dir='ltr'><strong>I.</strong></span> <span class='ocrx_word' id='word_1_263' title='bbox 557 2440 599 2476; x_wconf 91' lang='lat' dir='ltr'><strong>et</strong></span> <span class='ocrx_word' id='word_1_264' title='bbox 627 2436 827 2476; x_wconf 84' lang='lat' dir='ltr'><strong>vicarium</strong></span> <span class='ocrx_word' id='word_1_265' title='bbox 858 2441 1107 2488; x_wconf 85' lang='lat' dir='ltr'><strong>perpetuum</strong></span> <span class='ocrx_word' id='word_1_266' title='bbox 1137 2437 1305 2489; x_wconf 72' lang='lat' dir='ltr'><strong>paroch.</strong></span> <span class='ocrx_word' id='word_1_267' title='bbox 1340 2437 1438 2477; x_wconf 90' lang='lat' dir='ltr'><strong>eccl.</strong></span> <span class='ocrx_word' id='word_1_268' title='bbox 1466 2436 1507 2478; x_wconf 93' lang='lat' dir='ltr'><strong>S.</strong></span> <span class='ocrx_word' id='word_1_269' title='bbox 1531 2436 1692 2477; x_wconf 84' lang='lat' dir='ltr'><strong>Mariae</strong></span> 
     </span>
     <span class='ocr_line' id='line_1_31' title="bbox 111 2505 1690 2561; baseline 0 -13"><span class='ocrx_word' id='word_1_270' title='bbox 111 2507 161 2548; x_wconf 90' lang='lat' dir='ltr'><strong>de</strong></span> <span class='ocrx_word' id='word_1_271' title='bbox 191 2507 404 2548; x_wconf 87' lang='lat' dir='ltr'><strong>Terreiros</strong></span> <span class='ocrx_word' id='word_1_272' title='bbox 435 2506 679 2559; x_wconf 88' lang='lat' dir='ltr'><strong>(Ferreiros,</strong></span> <span class='ocrx_word' id='word_1_273' title='bbox 712 2506 785 2547; x_wconf 89' lang='lat' dir='ltr'><strong>cfr.</strong></span> <span class='ocrx_word' id='word_1_274' title='bbox 821 2506 885 2546; x_wconf 87' lang='lat' dir='ltr'><strong>Pii</strong></span> <span class='ocrx_word' id='word_1_275' title='bbox 915 2505 989 2558; x_wconf 84' lang='lat' dir='ltr'><strong>IV,</strong></span> <span class='ocrx_word' id='word_1_276' title='bbox 1022 2522 1063 2547; x_wconf 91' lang='lat' dir='ltr'><strong>n.</strong></span> <span class='ocrx_word' id='word_1_277' title='bbox 1096 2510 1165 2560; x_wconf 87' lang='lat'><strong>39)</strong></span> <span class='ocrx_word' id='word_1_278' title='bbox 1196 2507 1249 2549; x_wconf 85' lang='lat' dir='ltr'><strong>ad</strong></span> <span class='ocrx_word' id='word_1_279' title='bbox 1278 2522 1403 2561; x_wconf 87' lang='lat' dir='ltr'><strong>quam</strong></span> <span class='ocrx_word' id='word_1_280' title='bbox 1435 2507 1690 2549; x_wconf 83' lang='lat' dir='ltr'><strong>devenerunt</strong></span> 
     </span>
     <span class='ocr_line' id='line_1_32' title="bbox 108 2578 1690 2632; baseline 0.001 -13"><span class='ocrx_word' id='word_1_281' title='bbox 108 2579 325 2619; x_wconf 85' lang='lat' dir='ltr'><strong>occasione</strong></span> <span class='ocrx_word' id='word_1_282' title='bbox 347 2579 721 2619; x_wconf 79' lang='lat' dir='ltr'><strong>controversiarum</strong></span> <span class='ocrx_word' id='word_1_283' title='bbox 753 2578 863 2619; x_wconf 88' lang='lat' dir='ltr'><strong>inter</strong></span> <span class='ocrx_word' id='word_1_284' title='bbox 892 2578 1057 2619; x_wconf 86' lang='lat' dir='ltr'><strong>colonos</strong></span> <span class='ocrx_word' id='word_1_285' title='bbox 1089 2583 1130 2619; x_wconf 91' lang='lat' dir='ltr'><strong>et</strong></span> <span class='ocrx_word' id='word_1_286' title='bbox 1154 2585 1442 2632; x_wconf 86' lang='lat' dir='ltr'><strong>procuratores</strong></span> <span class='ocrx_word' id='word_1_287' title='bbox 1463 2579 1503 2621; x_wconf 87' lang='lat' dir='ltr'>d.</span> <span class='ocrx_word' id='word_1_288' title='bbox 1528 2580 1623 2621; x_wconf 87' lang='lat' dir='ltr'><strong>coll.</strong></span> <span class='ocrx_word' id='word_1_289' title='bbox 1648 2585 1690 2621; x_wconf 90' lang='lat' dir='ltr'><strong>et</strong></span> 
     </span>
     <span class='ocr_line' id='line_1_33' title="bbox 108 2649 1687 2704; baseline 0.001 -15"><span class='ocrx_word' id='word_1_290' title='bbox 108 2649 287 2690; x_wconf 84' lang='lat' dir='ltr'><strong>factores</strong></span> <span class='ocrx_word' id='word_1_291' title='bbox 326 2652 623 2701; x_wconf 82' lang='lat' dir='ltr'><strong>exactoresque</strong></span> <span class='ocrx_word' id='word_1_292' title='bbox 672 2649 817 2689; x_wconf 86' lang='lat' dir='ltr'><strong>vicarii</strong></span> <span class='ocrx_word' id='word_1_293' title='bbox 864 2649 1026 2689; x_wconf 89' lang='lat' dir='ltr'><strong>ratione</strong></span> <span class='ocrx_word' id='word_1_294' title='bbox 1075 2651 1246 2703; x_wconf 87' lang='lat' dir='ltr'><strong>quintae</strong></span> <span class='ocrx_word' id='word_1_295' title='bbox 1294 2652 1426 2704; x_wconf 83' lang='lat' dir='ltr'><strong>partis</strong></span> <span class='ocrx_word' id='word_1_296' title='bbox 1474 2651 1687 2692; x_wconf 84' lang='lat' dir='ltr'><strong>fructuum</strong></span> 
     </span>
    </p>
   </div>
   <div class='ocr_carea' id='block_1_9' title="bbox 103 2718 1140 2828">
    <p class='ocr_par' dir='ltr' id='par_1_9' title="bbox 103 2718 1140 2828">
     <span class='ocr_line' id='line_1_34' title="bbox 107 2718 1140 2773; baseline 0.001 -13"><span class='ocrx_word' id='word_1_297' title='bbox 107 2719 293 2760; x_wconf 87' lang='lat' dir='ltr'><strong>eiusdem</strong></span> <span class='ocrx_word' id='word_1_298' title='bbox 315 2720 482 2772; x_wconf 85' lang='lat' dir='ltr'><strong>paroch.</strong></span> <span class='ocrx_word' id='word_1_299' title='bbox 508 2719 608 2760; x_wconf 86' lang='lat' dir='ltr'><strong>eccl.</strong></span> <span class='ocrx_word' id='word_1_300' title='bbox 633 2718 672 2760; x_wconf 86' lang='lat' dir='ltr'>d.</span> <span class='ocrx_word' id='word_1_301' title='bbox 697 2719 869 2772; x_wconf 83' lang='lat' dir='ltr'><strong>collegio</strong></span> <span class='ocrx_word' id='word_1_302' title='bbox 890 2721 1140 2773; x_wconf 82' lang='lat' dir='ltr'><strong>assignatae.</strong></span> 
     </span>
     <span class='ocr_line' id='line_1_35' title="bbox 103 2785 904 2828; baseline 0 -8"><span class='ocrx_word' id='word_1_303' title='bbox 103 2785 148 2820; x_wconf 89' lang='lat' dir='ltr'><strong>R.</strong></span> <span class='ocrx_word' id='word_1_304' title='bbox 168 2796 224 2828; x_wconf 87' lang='lat' dir='ltr'><strong>ap.</strong></span> <span class='ocrx_word' id='word_1_305' title='bbox 247 2786 280 2819; x_wconf 68' lang='lat' dir='ltr'>S.</span> <span class='ocrx_word' id='word_1_306' title='bbox 303 2786 345 2819; x_wconf 85' lang='lat' dir='ltr'><strong>P.</strong></span> <span class='ocrx_word' id='word_1_307' title='bbox 364 2786 413 2821; x_wconf 92' lang='lat' dir='ltr'><strong>IV</strong></span> <span class='ocrx_word' id='word_1_308' title='bbox 433 2785 504 2819; x_wconf 78' lang='lat' dir='ltr'><strong>kal.</strong></span> <span class='ocrx_word' id='word_1_309' title='bbox 527 2786 615 2821; x_wconf 80' lang='lat' dir='ltr'>Nov.</span> <span class='ocrx_word' id='word_1_310' title='bbox 640 2788 721 2820; x_wconf 80' lang='lat'>1605</span> <span class='ocrx_word' id='word_1_311' title='bbox 740 2786 779 2819; x_wconf 60' lang='lat' dir='ltr'><strong>f).</strong></span> <span class='ocrx_word' id='word_1_312' title='bbox 798 2797 855 2819; x_wconf 80' lang='lat' dir='ltr'><strong>an.</strong></span> <span class='ocrx_word' id='word_1_313' title='bbox 876 2786 904 2820; x_wconf 92' lang='lat' dir='ltr'><strong>I.</strong></span> 
     </span>
    </p>
   </div>
   <div class='ocr_carea' id='block_1_10' title="bbox 1274 2898 1684 2941">
    <p class='ocr_par' dir='ltr' id='par_1_10' title="bbox 1274 2898 1684 2941">
     <span class='ocr_line' id='line_1_36' title="bbox 1274 2898 1684 2941; baseline 0 -10"><span class='ocrx_word' id='word_1_314' title='bbox 1274 2898 1361 2941; x_wconf 69' lang='lat' dir='ltr'><strong>Rey.</strong></span> <span class='ocrx_word' id='word_1_315' title='bbox 1382 2898 1471 2932; x_wconf 70' lang='lat' dir='ltr'>bun.</span> <span class='ocrx_word' id='word_1_316' title='bbox 1492 2898 1557 2932; x_wconf 88' lang='lat' dir='ltr'>IV.</span> <span class='ocrx_word' id='word_1_317' title='bbox 1577 2900 1629 2932; x_wconf 75' lang='lat'><strong>25.</strong></span> <span class='ocrx_word' id='word_1_318' title='bbox 1653 2899 1684 2932; x_wconf 78' lang='lat' dir='ltr'>b.</span> 
     </span>
    </p>
   </div>
  </div>
 </body>
</html>
