1989 3189
621 414 944 486 PAULI
992 414 1080 487 V.

62 688 198 723 Paulus
213 688 256 729 V,
281 688 480 729 Romanus,
506 687 679 723 Camillus
704 688 944 730 Burghesius‚
972 689 1096 723 Presb.
1127 689 1231 722 Card.
1260 689 1316 723 tit.
1344 689 1378 723 S.
1408 688 1649 733 Chrysogoni,

149 746 291 777 creatus
308 743 368 783 VI,
388 747 582 777 coronatus
601 742 721 777 XVIII
738 742 826 776 Maii
845 745 941 783 1605,
961 743 1051 777 obiit
1069 743 1227 778 XXVIII
1243 743 1326 778 Jan.
1346 746 1442 778 1621.

61 799 166 833 Anno
184 800 281 836 1605.
299 797 421 832 statim
437 801 546 839 atque
564 797 732 831 Pontifex
755 802 898 832 creatus
918 803 983 836 est,
1003 798 1236 832 Cardinalem
1255 798 1519 833 Bellarminum
1537 799 1652 841 Capu-

147 861 218 885 ana
247 851 399 885 ecclesia
422 851 528 884 solvit
556 857 663 893 atque
693 851 789 893 apud
812 862 849 885 se
882 852 1023 886 consilii
1058 863 1165 886 causa
1199 852 1363 887 retinuit.
1396 852 1531 886 Eodem
1559 864 1654 886 anno

150 907 188 940 Ρ.
209 907 425 940 Franciscus
449 905 594 943 Rozius,
615 906 894 949 Augamalensis
921 906 1121 950 episcopus,
1140 907 1256 941 factus
1280 912 1331 940 est
1358 907 1654 950 archiepiscopus

150 960 471 1004 Cranganorensis.
494 961 598 995 Anno
617 962 715 1001 1607,
732 960 821 994 duos
846 961 969 996 libros.
990 972 1103 995 unum
1123 961 1229 995 Card.
1252 961 1476 1001 Bellarmini,
1497 962 1653 996 alterum

150 1016 190 1049 P.
209 1015 362 1050 Roberti
379 1014 557 1053 Personii,
579 1018 706 1048 contra
727 1018 977 1056 juramentum
1002 1015 1186 1050 fidelitatis
1205 1027 1223 1049 a
1244 1016 1380 1049 Jacobo
1396 1027 1483 1059 rege
1501 1017 1656 1060 Angliae

150 1070 382 1112 postulatum,
403 1080 474 1103 una
492 1080 574 1102 cum
591 1069 799 1111 apostolicis
816 1070 949 1104 litteris
965 1071 1011 1104 ad
1025 1070 1162 1113 Anglos
1176 1071 1373 1105 catholicos
1388 1071 1496 1111 misit,
1513 1075 1547 1106 et
1560 1082 1655 1105 anno

153 1127 235 1160 1610
251 1131 458 1159 revocatam
476 1124 590 1157 voluit
607 1125 823 1158 sententiam
849 1124 1048 1166 Sorbonae,
1067 1136 1160 1167 quae
1178 1129 1374 1160 tractatum
1392 1127 1550 1168 eJusdem
1570 1128 1654 1162 Car-

150 1180 294 1222 dinalis,
313 1179 356 1214 de
373 1183 550 1222 potestate
570 1179 691 1222 Papae
709 1179 747 1213 iu
762 1180 1022 1223 temporalibus
1039 1186 1164 1214 contra
1181 1180 1417 1215 Guilielmum
1433 1182 1653 1220 Barclaium,

152 1234 400 1268 damnaverat.

65 1289 134 1330 Qui
153 1293 272 1326 antea.
293 1288 496 1324 Cardinalis
522 1299 635 1330 quum
658 1288 963 1331 disputationibus
988 1289 1031 1323 de
1049 1289 1195 1323 auxiliis
1211 1289 1352 1333 gratiae
1369 1291 1435 1325 Dei
1450 1291 1654 1333 interesset,

152 1344 193 1378 P.
215 1343 324 1378 Petro
337 1343 380 1377 de
399 1343 559 1377 Arrubal
576 1343 716 1377 dixerat
733 1354 770 1376 se
788 1343 879 1376 nihil
898 1343 1064 1377 dubitare
1080 1344 1166 1385 quin
1184 1344 1363 1379 sententia
1382 1345 1422 1379 Ρ.
1445 1346 1531 1380 Lud.
1552 1347 1657 1381 Moli-

154 1409 221 1432 nae
246 1398 291 1431 ab
316 1398 392 1441 ipso
417 1402 659 1441 propugnata,
687 1402 778 1432 esset
803 1398 907 1432 valde
924 1408 1024 1439 sana,
1045 1398 1160 1433 factus
1177 1399 1307 1433 deinde
1326 1400 1506 1439 Pontifex,
1525 1402 1658 1437 auditis

156 1453 329 1495 partibus,
350 1455 370 1488 5
389 1452 488 1495 Sept.
509 1454 593 1487 1607
610 1452 725 1486 vetuit
743 1463 788 1486 ne
805 1453 897 1494 quis,
918 1452 951 1485 in
978 1454 1188 1495 quaestione
1205 1454 1274 1488 hac
1290 1456 1556 1497 pertractanda,
1578 1467 1656 1498 par-

152 1512 224 1542 tem
241 1518 327 1541 suae
352 1507 554 1550 oppositam
571 1511 635 1541 aut
652 1507 880 1549 qualificaret
904 1511 967 1541 aut
991 1518 1142 1541 censura
1160 1507 1329 1551 quapiam
1349 1515 1502 1544 notaret.
1520 1511 1562 1546 In
1579 1512 1656 1545 bre-

153 1562 257 1596 vibus
273 1564 293 1596 2
312 1563 390 1595 Oct.
413 1564 496 1596 1607
513 1565 548 1596 et
565 1565 584 1595 9
603 1561 700 1604 Sept.
723 1564 819 1603 1613,
839 1561 879 1594 Ρ.
902 1561 1088 1595 Francisci
1109 1562 1241 1595 Suarez
1265 1562 1376 1596 libros
1397 1575 1503 1607 super
1520 1565 1660 1600 Veneto

156 1616 348 1650 interdicto
368 1622 402 1650 et
420 1622 544 1650 contra
562 1626 687 1658 regem
706 1615 861 1658 Angliae
887 1616 1085 1658 plurimum
1102 1615 1287 1657 laudavit3
1310 1617 1345 1650 in
1364 1617 1491 1652 litteris
1510 1619 1655 1654 Cardin.

155 1670 333 1714 Scipionis
352 1670 541 1713 Burghesii
569 1670 755 1704 Pontificis
773 1670 919 1704 nomine
937 1671 980 1703 ad
1000 1670 1167 1704 eumdem
1184 1671 1331 1704 Patrem
1349 1672 1494 1715 scriptis
1512 1677 1553 1709 26
1570 1676 1658 1718 Apr.

156 1728 252 1764 1617,
271 1725 365 1759 liber
380 1735 445 1759 seu
470 1729 589 1760 tomus
613 1725 643 1760 Il
664 1725 707 1758 de
735 1725 855 1768 gratia
885 1725 1115 1758 asserebatur
1142 1725 1280 1759 nullam
1306 1727 1379 1769 pati
1398 1727 1658 1771 difficultatem,

154 1780 384 1814 existimante
401 1780 473 1814 Sua
492 1779 694 1814 Sanctitate
711 1779 787 1813 eius
805 1779 1007 1813 doctrinam
1026 1788 1042 1805 κ
1062 1790 1133 1813 non
1158 1780 1444 1824 discrepaturam
1469 1783 1514 1816 ab
1540 1784 1659 1818 erudi-

107 1843 113 1846 *
157 1835 256 1870 tione
274 1840 309 1869 et
326 1835 489 1869 doctrina
506 1834 686 1868 librorum
702 1834 838 1868 dudum
858 1834 894 1867 in
912 1835 1032 1868 lucem
1049 1834 1243 1875 editorum,
1271 1836 1330 1878 qui
1357 1838 1519 1871 omnium
1544 1840 1660 1873 accla-

155 1890 314 1924 matione
338 1890 493 1933 excepti,
512 1890 660 1933 egregie
683 1890 861 1923 sustinent
888 1900 1019 1923 nomen
1044 1894 1079 1924 et
1103 1890 1239 1924 famam
1263 1901 1372 1933 quam
1389 1893 1510 1936 adepti
1527 1898 1609 1928 sunt
1628 1912 1658 1931 η.

157 1945 284 1979 Eidem
301 1944 496 1978 Francisco
515 1943 649 1978 Suarez
668 1954 810 1978 sacram
827 1955 1028 1987 purpuram
1044 1950 1100 1978 ter
1117 1945 1249 1980 obtulit
1268 1945 1447 1987 Pontifex,
1462 1954 1661 1992 pronepote

155 1999 268 2043 ipsius
284 2002 374 2034 teste
390 1999 487 2042 apud
505 1999 698 2033 Masseium
716 1999 753 2032 in
771 1998 842 2033 vita
861 1998 901 2032 Ρ.
924 1998 1058 2033 Suarez
1076 2011 1110 2042 p.
1133 2002 1207 2035 113.

70 2055 113 2089 P.
126 2054 354 2089 Leonardum
369 2054 531 2088 Lessium
545 2053 632 2095 quid
645 2053 794 2096 praemii
809 2064 874 2096 pro
887 2053 961 2088 suis
973 2053 1011 2087 in
1024 2054 1273 2097 Apostolicam
1288 2055 1429 2092 Sedem.
1439 2067 1548 2099 quam
1563 2070 1662 2103 egre-

156 2109 216 2153 gie
231 2108 365 2152 scripto
384 2108 616 2149 defendisset,
637 2108 776 2142 meritis
800 2116 1019 2151 reposceret,
1038 2119 1080 2142 ac
1105 2120 1193 2143 num
1217 2115 1412 2153 cognatum
1436 2111 1585 2147 haberet
1603 2115 1661 2149 cui

159 2164 250 2197 bene
275 2167 420 2207 cuperet
447 2162 706 2206 interi·ogavit;
736 2173 850 2205 eoque
868 2163 1107 2205 respondente
1124 2175 1161 2197 se
1179 2168 1331 2198 matrem
1350 2165 1486 2200 habere
1505 2167 1662 2202 Societa-

158 2221 245 2261 tem,
262 2217 321 2252 cui
342 2218 431 2251 bene
458 2217 536 2251 fieri
565 2217 814 2260 gratissimum
840 2217 908 2251 sibi
938 2218 1044 2259 foret,
1075 2218 1195 2252 Patris
1213 2219 1384 2253 virtutem
1403 2222 1602 2265 obstupuit.
1624 2223 1660 2258 S.

160 2272 341 2307 Thomam
357 2271 519 2307 Sanchez
537 2272 682 2306 moralis
700 2272 906 2315 theologiae
921 2272 1108 2306 doctorem
1126 2273 1475 2310 excellentissimum
1500 2288 1542 2310 ac
1565 2289 1660 2312 sum-

159 2338 272 2369 mum,
289 2327 327 2361 in
345 2326 635 2370 doctissimorum
650 2326 841 2360 hominum
857 2337 991 2361 corona
1009 2327 1128 2361 dicere
1145 2338 1216 2361 non
1234 2328 1426 2363 dubitavit.

73 2382 178 2417 Anno
197 2384 294 2424 1609,
314 2382 354 2416 P.
375 2382 506 2416 Franc.
526 2381 731 2416 Canillacus
749 2386 782 2415 et
807 2381 869 2414 alii
894 2385 1052 2423 quatuor
1074 2382 1172 2415 missi
1197 2387 1281 2417 sunt
1299 2384 1660 2429 Constantinopolim,

162 2436 284 2478 eisque
298 2437 473 2479 templum
487 2436 522 2471 S.
543 2436 727 2470 Benedicti
741 2447 823 2470 cum
837 2436 987 2470 aedibus
1001 2436 1183 2470 adiunctis
1200 2438 1422 2472 restitutum.
1441 2441 1546 2474 Anno
1564 2444 1661 2484 1612,

162 2491 235 2525 ΡΡ.
257 2490 461 2534 Stephanus
480 2490 634 2529 Szinius,
653 2491 779 2525 Barth.
800 2490 943 2525 Cassius
960 2496 992 2525 et
1018 2491 1080 2525 alii
1097 2491 1168 2526 duo
1183 2494 1220 2525 in
1233 2493 1416 2537 Bosniam‚
1433 2494 1663 2531 Sclavoniam

161 2545 371 2588 vicinasque
387 2545 567 2589 regiones,
585 2556 681 2579 anno
699 2549 870 2587 sequente
889 2545 1017 2580 Patres
1033 2545 1176 2588 aliquot
1199 2546 1236 2580 in
1254 2547 1391 2582 insulas
1407 2549 1520 2583 Maris
1536 2551 1662 2595 Aegei,

163 2602 197 2633 et
215 2609 310 2634 anno
329 2601 413 2635 1614
430 2599 503 2634 ΡΡ.
531 2600 710 2634 Antonius
735 2599 897 2634 Marietti
923 2603 957 2633 et
983 2600 1120 2634 Paulus
1143 2600 1344 2636 Matescida
1368 2614 1451 2637 cum
1466 2604 1662 2646 pontificiis

162 2652 294 2687 litteris
318 2653 364 2688 ad
387 2654 636 2697 patriarcham
661 2654 928 2689 Chaldaeorum
952 2654 1070 2689 Eliam
1087 2658 1121 2689 et
1138 2655 1184 2689 ad
1200 2656 1446 2699 patriarcham
1463 2658 1662 2694 Maronita-

162 2718 246 2743 rum
260 2707 360 2743 missi
376 2711 471 2744 sun-t.

1331 2867 1392 2905 15²
