1989 3252
269 177 403 221 Alex.
427 177 534 222 VII.
943 201 996 206 ——
1025 177 1105 218 368
1135 201 1189 207 —
1727 181 1856 225 1656.

266 264 552 315 nistrationeS,
576 263 814 305 ministeria
833 268 876 305 et
895 263 1030 305 officia
1052 263 1194 317 elapso
1214 265 1396 306 triennio
1417 270 1584 317 vacent,
1603 278 1679 318 per
1698 279 1858 308 annum

268 335 511 387 proximum
533 334 768 388 suspendit.

268 400 309 434 R.
330 411 388 443 ap.
409 401 444 434 S.
466 401 516 436 M.
535 401 584 434 M.
605 401 731 436 XXXI
746 400 814 436 Iul.
840 404 922 436 1656
940 402 980 436 P.
1003 413 1062 436 an.
1080 402 1114 437 Il

266 455 375 488 Nota.
397 455 481 490 Fuit
499 456 718 500 abrogatum
735 466 798 499 per
815 456 1087 490 concessionem
1103 457 1257 491 alterius
1275 457 1341 491 sub
1358 457 1392 491 d.
1413 461 1455 492 24
1471 458 1541 493 Iul.
1561 461 1657 494 1656.

1484 566 1573 611 Rey.
1593 566 1679 601 buli.
1708 567 1764 602 VI.
1786 570 1860 603 134.

351 676 423 719 19.
457 678 642 730 Expom‘
659 676 802 718 nohis.
824 697 851 704 -
871 673 993 715 Alex.
1028 672 1127 726 VII,
1158 678 1329 727 petente
1359 678 1460 716 rect.
1494 674 1588 716 coll.
1623 674 1662 717 S.
1694 675 1728 717 I.
1762 690 1858 730 opp.

267 744 508 787 Turnonen.
550 743 759 786 Viennen.
803 744 955 798 dioec.‚
1001 745 1174 786 mandat
1213 746 1529 799 archiepiscopo
1572 745 1776 788 Viennen.
1820 752 1862 789 et

267 817 428 858 archid.
454 817 558 858 eccl.
581 815 792 858 Viennen.
816 822 862 857 ut
882 817 1116 859 concedant
1136 817 1348 858 licentiam
1370 820 1691 870 permutationis
1713 832 1862 860 census

267 889 430 930 ratione
468 889 679 942 prioratus
718 888 759 930 S.
797 888 951 929 Donati
990 901 1016 929 a
1055 892 1248 929 senatore
1288 888 1539 941 parlamenti
1579 889 1859 942 Delphinatus

268 960 400 1001 debiti
422 965 464 1001 et
484 974 509 1001 a
532 962 581 1001 10
603 961 726 1001 annis
747 960 928 1001 recusati
950 962 993 1012 (6
1024 961 1200 1001 sextarii
1230 960 1355 1001 frum.
1388 962 1626 1015 annuatim)
1657 963 1701 1002 in
1730 961 1860 1003 alium

267 1045 396 1085 supra
415 1031 567 1073 fundos
587 1031 789 1086 quosdam
812 1032 856 1072 in
876 1031 967 1072 loco
990 1031 1181 1073 eiusdem
1202 1031 1243 1073 S.
1269 1031 1439 1074 Donati.

269 1098 312 1132 R.
331 1109 389 1142 ap.
409 1097 446 1132 S.
466 1098 516 1132 M.
535 1098 585 1133 M.
605 1098 731 1134 XXXI
747 1098 815 1133 Iul.
840 1100 922 1133 1656
941 1097 981 1131 P.
1001 1109 1060 1131 an.
1079 1098 1122 1133 11.

1473 1207 1563 1252 Ray.
1584 1207 1673 1242 bull.
1707 1208 1763 1241 VIv
1787 1210 1860 1244 133.

352 1318 424 1364 20.
457 1316 509 1358 A.
531 1314 580 1358 F.
603 1315 655 1358 R.
684 1314 737 1358 M.
774 1322 880 1360 Cum
901 1322 1017 1360 Slcuc
1038 1323 1310 1373 accepemus.
1343 1341 1369 1346 -
1397 1315 1519 1358 Alex.
1553 1316 1634 1357 VII
1664 1316 1864 1359 Michaeli

269 1388 493 1430 Columera
522 1388 629 1442 prof.
652 1391 679 1429 4
700 1394 782 1429 vot.
807 1387 849 1429 S.
873 1386 928 1440 1.,
951 1386 1111 1428 nullam
1142 1387 1435 1440 praetendenti
1471 1402 1589 1429 suam
1618 1389 1725 1442 prof.
1763 1390 1864 1443 quia

269 1460 461 1502 habitum
479 1474 563 1513 reg.
578 1460 831 1501 novitiorum
849 1458 899 1500 O.
913 1458 983 1499 Fr.
998 1457 1040 1500 S.
1060 1458 1209 1500 Franc.
1230 1458 1281 1500 de
1297 1458 1430 1500 Paula
1446 1460 1716 1501 minimorum
1734 1473 1859 1501 nunc.

268 1537 368 1574 ante
397 1533 629 1585 ingressum
660 1535 919 1584 susceperat,
948 1530 1021 1571 lite
1056 1529 1243 1572 indecisa
1273 1532 1476 1583 extincta,
1497 1531 1789 1573 liberationem
1822 1535 1864 1572 et

267 1604 460 1645 habitum
482 1603 719 1657 presbyteri
740 1616 852 1644 saec.
877 1601 954 1642 sub
976 1601 1098 1643 obed.
1123 1601 1335 1643 Ordinarii
1356 1602 1564 1644 concedit.

273 1672 314 1703 R.
333 1681 391 1713 ap.
413 1670 450 1706 S.
468 1670 520 1705 M.
537 1670 587 1705 M.
606 1669 639 1705 Π
657 1669 755 1712 Sept.
792 1671 876 1704 1656
893 1669 933 1703 P.
955 1679 1013 1702 an.
1033 1668 1078 1703 Π..

271 1726 382 1760 Nota.
411 1725 496 1760 Fuit
518 1725 699 1768 scrupulis
723 1725 895 1767 agitatus,
923 1723 985 1766 qui
1011 1724 1122 1758 etiam
1145 1723 1343 1758 haeredem
1367 1724 1497 1758 exinde
1522 1724 1701 1758 bonorum
1717 1736 1865 1759 suorum

271 1781 432 1816 instituit
449 1781 531 1814 coll.
552 1780 806 1814 Tarentinum.

1148 1874 1233 1915 [369.
1255 1873 1343 1907 bula.
1369 1873 1429 1907 VI.
1452 1875 1526 1908 136.
1547 1893 1587 1897 -
1605 1873 1758 1908 Elench.
1777 1874 1865 1908 buu.

355 1990 423 2035 21.
456 1988 507 2029 A.
530 1986 577 2028 F.
613 1986 661 2028 R.
696 1984 755 2027 M.
789 1992 938 2042 Super
965 1987 1236 2028 cathedram.
1273 1987 1519 2041 Principis.
1553 2009 1579 2014 -
1609 1983 1737 2025 Alex.
1768 1982 1863 2036 VII,

272 2064 442 2114 petente
463 2058 612 2112 Praep.
632 2057 737 2099 Gen.
757 2056 799 2098 S.
823 2055 857 2098 I.
878 2054 1071 2098 concedit
1091 2055 1144 2096 ad
1164 2057 1214 2095 12
1235 2068 1366 2096 annos
1384 2055 1659 2096 missionariis
1676 2055 1719 2095 in
1736 2068 1862 2108 regno

271 2131 467 2174 Sinarum
489 2135 536 2171 ut
555 2143 651 2171 cuin
672 2127 867 2170 fidelibus
888 2141 1012 2181 super
1032 2127 1133 2168 eccl.
1168 2130 1487 2180 praeceptorum
1517 2126 1656 2180 quoad
1685 2127 1860 2179 ieiunia,

272 2204 605 2246 observationem
638 2201 857 2253 festorum,
890 2200 1239 2241 sacramentalem
1270 2199 1576 2240 confessionem
1606 2203 1648 2239 et
1677 2212 1865 2239 commu-

272 2278 441 2318 nionem
458 2274 587 2316 semel
609 2275 652 2315 in
672 2287 798 2325 anno,
819 2272 1155 2314 observationem
1179 2273 1222 2312 in
1242 2271 1409 2312 casibus
1429 2270 1757 2324 particularibus
1779 2270 1861 2311 dis-

272 2349 448 2401 pensare
469 2347 651 2387 valeant.

272 2413 313 2447 R.
333 2425 391 2456 ap.
412 2412 448 2447 S.
467 2413 516 2446 M.
539 2413 585 2446 M.
607 2412 637 2445 V
657 2412 754 2455 Sept.
779 2414 860 2446 1656
881 2412 920 2445 Ρ.
941 2422 999 2445 an.
1022 2411 1063 2445 ΙΙ.

1486 2518 1574 2561 Req.
1594 2518 1682 2551 hall.
1710 2517 1767 2551 VI.
1790 2520 1864 2552 135.

352 2633 425 2678 22.
462 2635 509 2674 A.
534 2630 578 2673 F.
605 2630 654 2672 R.
681 2630 737 2672 M.
766 2633 944 2674 Dudum
966 2646 994 2673 α
1013 2632 1090 2685 fel.
1113 2644 1201 2673 rec.
1228 2630 1423 2671 Urbano.
1444 2652 1470 2657 -
1487 2627 1609 2668 Alex.
1631 2625 1711 2667 VII
1732 2625 1864 2667 Breve

268 2703 434 2746 Urbani
459 2702 577 2755 VIII,
602 2706 859 2747 salvatoris
878 2708 917 2746 ec
942 2706 1123 2745 Domini
1142 2707 1300 2744 Nostri
1330 2698 1397 2740 die
1427 2702 1451 2740 5
1484 2698 1586 2739 Maii
1620 2700 1724 2739 1626
1756 2696 1858 2749 (Cfr.

268 2774 373 2817 Urb.
398 2773 498 2816 VIII
518 2789 560 2815 n.
579 2776 650 2827 44)
666 2787 740 2827 pro
761 2773 874 2815 clero
895 2777 938 2814 et
957 2772 1162 2825 religiosis
1184 2772 1226 2812 in
1246 2770 1461 2812 foederatis
1482 2769 1615 2822 Belgii
1637 2769 1862 2822 provinciis

269 2844 414 2885 datum
436 2843 661 2885 confirmat
681 2847 722 2883 et
742 2842 956 2883 observari
978 2841 1163 2882 mandat.

266 2910 311 2945 R.
331 2921 390 2953 ap.
410 2910 446 2944 S.
466 2910 517 2945 M.
537 2910 586 2943 M.
607 2909 678 2944 XX
699 2908 796 2952 Sept.
818 2911 904 2943 1656
923 2908 963 2942 Ρ.
983 2919 1029 2942 an
1050 2907 1092 2943 11.

264 3019 370 3053 Buzz.
391 3019 498 3054 Rom.
521 3036 561 3042 --
580 3017 681 3052 Bull.
702 3017 748 3052 de
763 3027 923 3061 propa9.
940 3017 1015 3060 fide
1032 3015 1064 3049 Ι.
1083 3017 1148 3050 297
1605 3013 1756 3048 Elench.
1775 3013 1864 3047 bula.
