1989 3189
694 477 824 522 PRA
832 474 1081 521 EFATIO.

153 1100 375 1142 interrupta
393 1100 480 1132 oet-o
497 1105 688 1131 annorum
705 1095 843 1140 spatio,
862 1095 1019 1129 tandem
1045 1092 1171 1138 prodit
1197 1090 1439 1126 continuatio
1457 1090 1676 1131 synopseos

89 1167 270 1199 actorum
303 1164 337 1197 S.
367 1163 476 1197 Sedis
508 1163 551 1196 in
577 1170 707 1196 causa
736 1162 769 1195 S.
790 1162 817 1195 Ι.
839 1160 908 1195 Cui
937 1159 1039 1194 enim
1058 1158 1166 1197 libro,
1187 1157 1343 1191 favente
1371 1164 1406 1199 p.
1426 1163 1478 1189 m.
1498 1155 1539 1188 P.
1560 1154 1676 1188 Anto-

88 1229 152 1264 nio
164 1227 391 1272 Anderledy.
408 1237 510 1262 anno
527 1230 621 1267 1887,
640 1226 795 1261 initium
810 1225 905 1262 dedi.
922 1234 969 1259 ex
984 1225 1144 1259 archivo
1157 1226 1297 1258 nostro
1309 1224 1419 1258 ouius
1433 1230 1567 1258 curam
1586 1223 1680 1255 tunc

87 1293 339 1331 sustinebam,
369 1292 553 1336 colligens
581 1294 621 1326 et
649 1291 874 1335 compendio
903 1289 1088 1324 exhibens
1116 1288 1311 1333 pontificia
1337 1289 1375 1322 in
1400 1287 1516 1322 rebus
1535 1284 1681 1320 nostris

90 1359 322 1395 documenta
349 1358 695 1400 <1511‹J-1605),hune
724 1357 916 1401 complere
943 1361 983 1391 et-
1012 1365 1133 1400 usque
1161 1354 1208 1390 ad
1226 1363 1456 1399 suppressae
1475 1350 1679 1387 Societatis

90 1433 236 1460 annum
273 1427 352 1459 1773
386 1424 597 1469 perducere
629 1423 693 1458 diu
724 1432 799 1458 non
833 1423 953 1467 potiu.
981 1422 1252 1466 imperfectum
1283 1423 1413 1455 tamen
1444 1417 1680 1461 relinquere.

90 1492 281 1534 quantum
308 1498 376 1534 per
401 1498 462 1523 me
479 1489 621 1527 stabat,
649 1488 753 1523 nolui
770 1501 777 1524 2
796 1491 836 1522 et
854 1488 1022 1527 favente,
1042 1496 1111 1531 pro
1135 1496 1205 1521 suo
1223 1486 1259 1520 in
1279 1483 1543 1520 continuanda
1563 1482 1682 1516 histo·

88 1555 146 1589 ria
163 1556 198 1588 S.
218 1556 244 1590 I.
272 1555 411 1591 studio,
433 1557 473 1589 A.
494 1555 536 1589 R.
559 1555 676 1588 Patre
702 1556 836 1588 nostro
863 1553 1054 1587 Ludovico
1072 1552 1229 1586 Mart-in.
1250 1550 1426 1595 opellam,
1447 1549 1557 1583 ouius
1577 1546 1676 1581 utili-

87 1622 209 1655 tatem
226 1620 355 1665 plures
372 1630 392 1654 e
411 1621 553 1654 nostris
581 1619 744 1654 eruditis
774 1619 868 1654 viris
885 1620 996 1663 plane
1026 1618 1299 1662 agnoscebant.
1320 1616 1476 1651 tandem
1496 1614 1677 1660 prosequi

86 1694 311 1720 eoncessum
328 1689 389 1720 est
1275 1724 1280 1729 ,

154 1753 307 1793 Fontes,
322 1761 342 1786 e
353 1751 491 1795 quibus
505 1753 659 1796 regesta
672 1758 805 1786 nostra
815 1750 938 1788 hausi,
954 1750 992 1783 in
1006 1750 1133 1794 priore
1147 1748 1385 1793 praefatione
1400 1747 1565 1781 indicavi
1581 1758 1587 1780 :
1604 1745 1680 1780 illis

86 1817 282 1852 addendus
306 1821 405 1854 erat,
432 1826 501 1861 pro
530 1817 684 1851 saeculo
711 1817 844 1851 ΧἯΙΙ.
864 1819 994 1851 tomus
1023 1816 1115 1850 iii-40
1134 1829 1141 1854 ;
1162 1816 1318 1849 constat
1346 1814 1488 1857 partim
1515 1821 1563 1846 ex
1583 1811 1681 1846 foliis

88 1883 291 1927 separatis,
310 1882 567 1927 typographia
593 1891 674 1917 rev.
694 1891 871 1916 camerae
898 1881 1131 1926 apostolieae
1156 1883 1250 1914 tunc
1274 1878 1360 1914 cudi
1378 1878 1514 1919 solitis,
1532 1877 1678 1922 partim

72 1956 138 1995 rex
165 1948 424 1992 transumptis
454 1949 602 1983 recenti
633 1957 752 1983 manu
784 1947 1038 1983 documentis.
1069 1947 1262 1990 habetque
1292 1944 1477 1980 titulum:
1511 1945 1678 1983 Bullae,

89 2013 227 2049 brevia
244 2016 281 2049 et
298 2017 498 2057 rescripta
516 2015 565 2049 ab
583 2023 692 2049 armo
721 2018 803 2050 1671
833 2016 888 2048 ad
904 2022 1064 2048 (mnam
1085 2017 1166 2048 1377
1185 2025 1195 2055 ,·
1213 2011 1375 2047 addendi
1392 2020 1544 2055 quoque
1568 2014 1679 2045 erant

88 2080 245 2114 centum
274 2080 353 2114 fere
370 2079 478 2120 tomi,
497 2079 635 2123 quibus
665 2080 929 2122 fundationis
945 2077 1196 2123 collegiorum
1214 2078 1480 2112 instrumenta
1496 2075 1675 2111 exhiben-

88 2143 166 2184 tur,
185 2153 306 2187 eaque
323 2144 519 2178 interdum
535 2144 746 2189 pontificia.

153 2211 234 2244 Non
253 2219 314 2244 me
331 2209 427 2244 latet
443 2210 615 2254 potuisse
631 2209 719 2244 addi
747 2219 796 2244 ex
825 2209 993 2244 archivis
1011 2209 1172 2253 publicis
1189 2211 1228 2243 et
1245 2208 1475 2253 praesertim
1501 2217 1549 2242 ex
1571 2207 1673 2241 Vati-

86 2283 182 2309 cano
210 2274 335 2309 multo
365 2274 500 2318 plura:
524 2275 590 2309 sed
618 2284 742 2318 neque
766 2275 859 2309 mihi
884 2284 952 2319 per
980 2274 1148 2309 officium
1175 2283 1306 2308 meum
1331 2273 1441 2308 licuit
1466 2272 1532 2307 illa
1556 2272 1675 2309 adire.

85 2348 208 2383 neque
224 2339 391 2376 aliorum
403 2340 476 2375 hac
491 2341 529 2375 in
549 2350 590 2375 re
607 2349 769 2384 operam
785 2340 1053 2383 auxiliumque
1070 2339 1217 2374 (liutius
1241 2341 1467 2383 exspectare
1493 2339 1550 2373 fas
1575 2340 1674 2372 erat.

87 2405 276 2449 Quidquid
291 2405 329 2440 id
346 2410 418 2446 est,
438 2406 556 2441 donec
573 2416 594 2440 e
609 2405 810 2441 ditissimis
824 2405 900 2440 illis
917 2405 1112 2440 thesauris
1130 2405 1280 2449 reliqua
1305 2405 1328 2439 S
1362 2404 1468 2439 Sedis
1492 2405 1531 2439 in
1558 2412 1675 2438 eausa

0 2504 13 2515 ,-
89 2470 292 2505 Societatis
317 2472 474 2506 nostrae
500 2474 590 2506 acta
616 2472 656 2506 in
683 2471 810 2506 lucem
842 2471 934 2506 dare
962 2471 1105 2507 libebit.
1135 2471 1228 2505 haec
1256 2470 1339 2515 ipsa
1367 2470 1557 2514 synopsis.
1584 2469 1678 2504 utut

0 2530 20 2545 ’“’
63 2535 330 2580 incompleta,
366 2536 531 2580 plurima
558 2537 757 2580 praebebit
788 2537 887 2572 scitu
920 2537 1137 2571 utilissima.
1166 2536 1379 2580 perspiciet
1395 2537 1525 2570 tamen
1555 2535 1676 2569 lector

0 2586 12 2598 '⁸
91 2602 214 2636 sontes
227 2601 457 2636 domesticos
473 2603 549 2636 iam
569 2605 655 2647 post
668 2612 815 2637 annum
832 2606 912 2638 1710
931 2602 996 2637 vix
1008 2603 1219 2646 quidquam
1238 2602 1332 2636 mihi
1345 2602 1592 2646 praebuisse:
1612 2601 1671 2635 de-

87 2667 176 2702 fecit
194 2668 298 2702 tune.
320 2672 362 2702 ut.
379 2671 551 2712 apparet,
574 2668 859 2713 praefectorum
875 2669 1021 2704 archivi
1043 2672 1083 2703 et
1108 2670 1407 2712 procuratorum
1434 2667 1675 2712 generalium

0 2727 10 2737 ”
58 2739 65 2745 ··
87 2733 124 2766 in
142 2732 362 2777 colligendi<
380 2734 477 2767 actis
502 2734 709 2778 pontificiis
734 2734 962 2769 sollicitudo.
984 2735 1130 2769 Verum
1147 2733 1320 2778 supplevi
1339 2736 1384 2768 ut
1401 2734 1507 2777 potui
1528 2746 1536 2776 3
1556 2737 1674 2776 atque

87 2807 132 2832 ea
148 2809 245 2840 quae
263 2804 348 2842 post
364 2799 401 2834 id
419 2805 572 2844 tempus
592 2800 818 2844 compendio
842 2800 1010 2843 exhibui,
1031 2809 1051 2834 e
1069 2800 1188 2834 variis
1204 2799 1312 2837 libris
1330 2799 1534 2843 desumpta
1560 2799 1673 2833 [loeu-

86 2867 218 2898 menta
236 2864 272 2898 id
289 2864 426 2899 saltem
444 2865 641 2900 habebunt
659 2865 840 2900 utilitatis
858 2866 902 2900 ut
919 2865 1062 2900 nostris
1080 2874 1158 2899 uno
1190 2865 1300 2909 quasi
1325 2866 1532 2908 conspeetu
1551 2866 1677 2901 multa
