1989 3252
144 215 237 260 Iul.
256 215 347 259 111.
801 237 856 244 -
883 215 963 256 509
993 237 1045 243 -
1592 211 1722 256 1555.

226 299 316 345 11.2
346 300 463 342 Ioan.
487 299 677 341 Andreas
698 299 842 341 Crucis
865 300 993 353 episc.
1019 298 1229 340 Tiburtin.
1255 297 1475 339 ecclesiam
1505 296 1724 350 parochia-

142 371 225 412 lem
247 370 288 412 S.
313 370 538 412 Salvatoris
558 371 602 411 in
622 371 792 411 civitate
815 369 968 410 Tibure
994 383 1085 410 vac.
1124 382 1198 422 per
1231 369 1385 421 resign.
1409 367 1527 409 Ioan.
1553 367 1719 409 Domin.

143 441 194 483 de
215 440 382 482 Ciaccia
397 441 539 482 clerici
554 440 763 482 Tiburtin.
782 446 824 482 et
842 445 1079 493 separatam
1097 439 1149 481 ab
1166 439 1344 481 ecclesia
1358 439 1525 492 paroch.
1548 438 1591 480 S.
1614 438 1721 479 Pan-

141 512 320 553 taleonis
341 511 382 554 d.
407 512 602 562 civitatis,
624 512 830 552 translata
849 525 950 552 cura
972 510 1205 565 parochiali
1226 523 1321 551 cum
1342 509 1504 550 iuribus
1524 509 1721 550 oneribus

144 586 187 623 et
207 581 500 623 emolumentis
520 582 573 623 ad
592 581 762 635 paroch.
787 581 935 623 eccles,
961 580 1002 623 S.
1027 580 1188 621 Mariae
1218 580 1371 621 montis
1392 579 1558 630 Arsicii,
1580 577 1718 620 Socie-

149 652 227 693 tati
248 651 344 694 Iesu
364 652 528 694 tribuit.

148 717 284 752 Tibure
301 720 344 753 20
360 717 455 752 Iulii.
477 721 572 753 1554.
593 717 728 752 Pontis.
747 717 830 752 Iulii
848 717 899 752 III
915 727 1010 751 anno
1029 716 1072 752 V.

1119 824 1283 859 Fundat.
1301 835 1407 866 prov.
1427 825 1533 860 Rom.
1552 830 1638 859 tom.
1658 824 1723 858 IV.

227 933 316 979 11.3
352 933 598 987 Rodulphus
619 932 718 974 Pius
738 932 796 974 M.
820 932 869 974 D.
894 933 1020 986 episc.
1055 930 1283 973 Tusculan.
1317 931 1359 973 S.
1382 931 1432 973 R.
1457 931 1506 973 E.
1527 930 1648 972 Card.
1674 930 1725 972 de

143 1005 278 1058 Carpo
298 1004 435 1046 almae
456 1004 604 1046 domus
629 1003 858 1045 Lauretan.
892 1003 995 1045 null.
1034 1003 1170 1044 dioec.
1205 1002 1378 1056 gubern.
1417 1007 1460 1044 et
1494 1006 1720 1056 protector.

145 1075 204 1118 Ut
223 1077 267 1117 in
286 1076 365 1117 hoc
386 1076 477 1117 loco
506 1075 772 1117 Lauretanae
808 1074 954 1116 domus
990 1075 1146 1116 honore
1182 1074 1377 1115 decorato
1412 1074 1486 1114 lux
1521 1078 1564 1114 et
1598 1085 1725 1126 opera

145 1148 195 1190 B.
218 1146 269 1189 V.
294 1146 353 1188 M.
376 1147 714 1198 manifestentur,
738 1147 859 1199 erigit
880 1146 1100 1198 collegium
1122 1145 1214 1187 Soc.
1234 1145 1332 1186 Iesu
1352 1144 1538 1197 Laureti,
1558 1144 1723 1185 habita-

144 1218 318 1269 tionem,
355 1217 522 1258 hortum
557 1216 845 1270 suppellectile
885 1222 927 1257 et
966 1217 1008 1256 iu
1043 1215 1195 1269 oppido
1226 1215 1480 1257 Recanaten.
1505 1214 1724 1268 praedium

145 1288 294 1330 tribuit
313 1293 356 1330 et
370 1290 396 1329 4
413 1289 698 1341 canonicatus,
717 1290 743 1328 4
759 1288 1111 1329 mansionariatus
1128 1292 1170 1328 et
1187 1286 1290 1328 duos
1306 1287 1528 1328 clericatus
1544 1287 1724 1340 primum

147 1363 346 1401 vacantes
366 1360 406 1400 ei
426 1360 627 1400 annectit.

143 1425 188 1461 R.
207 1425 244 1459 in
262 1425 342 1459 aed.
363 1424 458 1460 solit.
479 1424 650 1459 resident.
672 1426 769 1460 1554.
791 1427 804 1458 l
826 1424 914 1459 Nov.
936 1425 1144 1459 Pontificat.
1164 1423 1246 1459 Iulii
1265 1435 1324 1467 pp.
1343 1424 1403 1460 111.
1423 1434 1518 1457 anuo
1537 1423 1580 1458 V.

1353 1526 1478 1566 Fu'nd.
1495 1543 1599 1573 prov.
1617 1533 1725 1568 Rom.

230 1640 320 1687 13.2
356 1647 464 1684 Cum
483 1655 565 1684 nos
585 1655 745 1696 nuper.
771 1664 796 1670 -
818 1639 897 1681 Iul.
923 1639 985 1680 III
1008 1640 1275 1692 patriarchae
1291 1639 1541 1692 Aethiopiae
1562 1638 1726 1691 (Ioanni

146 1710 184 1751 N
187 1712 333 1753 unesio
354 1711 526 1752 Barreto
547 1709 590 1752 S.
614 1710 670 1763 I.)
693 1711 938 1752 facultatem
960 1711 1152 1752 concedit
1172 1711 1214 1751 in
1243 1710 1457 1765 quibusvis
1488 1709 1726 1763 regionibus

145 1782 262 1835 regni
311 1781 446 1823 Aznaf
483 1781 647 1835 Saguad
682 1781 860 1823 Pretiosi
894 1780 1063 1823 Ioannis
1097 1780 1367 1835 Imperatoris
1403 1781 1725 1831 circumvicinis,

146 1852 421 1895 facultatibus
442 1852 524 1894 sibi
545 1854 751 1894 concessis
772 1853 931 1895 utendi.

146 1919 191 1954 R.
210 1930 268 1962 ap.
289 1918 325 1954 S.
346 1919 387 1954 P.
406 1919 474 1954 XV
494 1919 580 1954 Feb.
602 1921 698 1959 1555,
720 1919 760 1954 P.
780 1931 838 1954 an.
862 1919 904 1954 V.

148 2027 248 2061 Bulz.
265 2033 414 2069 patron.
436 2028 593 2069 Por-tuq.
613 2029 642 2062 I.
666 2030 737 2062 187.
757 2046 799 2052 -·
817 2029 1020 2072 Raynaldi,
1041 2039 1131 2061 ann.
1154 2030 1234 2061 eccl.
1257 2027 1305 2059 ad
1324 2026 1359 2061 h.
1380 2038 1414 2062 a.
1433 2039 1470 2061 n.
1490 2029 1544 2062 25.

232 2135 324 2182 13.³
355 2142 462 2179 Cum
483 2150 565 2179 nos
584 2151 743 2192 nuper.
768 2160 793 2166 -
814 2135 895 2177 Iul.
919 2135 983 2177 ΙΙΙ
1004 2134 1288 2189 patriarcham
1310 2135 1559 2188 Aethiopiae
1589 2134 1728 2188 (Ioan-

147 2219 242 2248 nem
263 2206 299 2247 N
305 2206 497 2248 unesium
520 2206 693 2248 Barreto
716 2207 756 2249 S.
781 2207 838 2260 I.)
861 2209 1034 2261 eiusque
1056 2207 1322 2249 coadiutores
1343 2206 1472 2247 Andr.
1498 2206 1548 2247 de
1570 2205 1728 2247 Oviedo

149 2277 192 2320 S.
215 2276 250 2319 I.
275 2277 581 2331 Hierapoliten.
622 2281 663 2318 et
698 2276 853 2319 Melch.
891 2277 1088 2319 Carneiro
1124 2277 1165 2318 S.
1204 2276 1238 2318 Ι.
1279 2277 1428 2319 Nicen.
1462 2277 1677 2330 episcopos
1703 2290 1729 2318 a

148 2348 389 2390 visitatione
410 2348 602 2389 liminum
622 2348 918 2402 Apostolorum
940 2348 1167 2402 dispensat.

150 2414 193 2449 R.
211 2424 270 2457 ap.
290 2413 326 2448 S.
347 2413 388 2449 P.
409 2413 497 2450 XXI
515 2414 600 2448 F'eb.
623 2416 722 2449 1555.
742 2414 784 2450 P.
802 2424 861 2449 an.
882 2415 924 2450 V.

149 2521 250 2556 Bull.
265 2527 417 2565 patron.
437 2521 597 2566 Portuy.
618 2524 647 2558 I.
668 2526 741 2558 188.
761 2541 802 2549 —
820 2525 942 2567 Rayn.
962 2534 1052 2558 ann.
1072 2526 1153 2558 eccl.
1172 2523 1222 2557 ad
1239 2526 1275 2557 h.
1295 2534 1330 2558 a.
1349 2535 1386 2558 n.
1405 2526 1458 2558 26.

690 2705 1013 2778 PAULI
1063 2705 1193 2778 IV.

238 2874 293 2920 1.¹
333 2881 440 2919 Cum
460 2889 608 2931 nuper
627 2880 978 2931 optatissimwn.
1002 2900 1028 2906 -
1049 2875 1168 2917 Paul.
1212 2875 1271 2916 IV
1308 2875 1571 2918 Ferdinando
1606 2876 1726 2918 Rom.

157 2957 207 2985 ac
226 2944 469 2998 Hungariae
489 2949 533 2986 et
551 2944 657 2987 Boh.
680 2945 768 2998 regi
790 2945 941 2987 illustri
962 2946 1142 2988 fructum
1163 2960 1216 2987 ex
1236 2947 1391 2988 virtute
1421 2952 1565 2989 contra
1584 2947 1730 2990 haere—

156 3016 236 3057 sim
256 3016 505 3070 gratulatur,
528 3016 722 3071 quodque
742 3029 817 3070 per
850 3016 1054 3059 Didacum
1090 3022 1296 3059 oratorem
1332 3023 1478 3072 urgeat
1510 3018 1729 3060 consilium
