1989 3252
257 181 395 236 Greg.
419 181 558 225 XIII.
929 207 983 214 -—
1013 183 1093 223 520
1125 206 1175 211 -
1713 185 1843 230 1579.

334 266 455 313 137.3
486 268 670 311 Iamdiu
687 273 997 325 perspectam.
1047 293 1073 299 -
1111 266 1235 322 Greg.
1279 268 1385 311 XIII
1424 269 1574 312 Ioanni
1619 269 1850 323 Haugnitio

256 337 405 379 baroni
439 337 669 392 Biskupetz
703 352 900 393 supremo
936 339 1252 382 marchionatus
1287 340 1502 383 Moraviae
1542 342 1762 395 capitaneo
1798 341 1851 383 ob

254 409 456 462 pietatem
480 413 523 450 et
543 409 729 451 studium
767 409 933 464 collegii
955 409 998 453 S.
1021 410 1057 452 I.
1080 411 1332 465 gratulatur,
1358 411 1708 467 commendatque
1737 417 1786 454 ut
1806 413 1850 454 in

256 479 481 522 reddendis
501 480 555 522 ad
576 485 773 524 senatum
805 481 960 524 litteris
989 482 1215 537 prudentia
1245 497 1322 525 sua
1351 487 1496 526 utatur
1516 489 1564 526 ut
1585 485 1744 538 optimo
1767 485 1852 525 sint

258 566 358 607 erga
378 552 421 595 S.
445 552 596 595 Sedem
616 554 776 596 animo.

257 620 299 655 R.
319 631 376 662 ap.
399 619 435 655 S.
457 619 497 654 P.
518 619 565 654 VI
584 621 665 655 Iun.
685 622 772 656 1579
789 620 830 656 P.
851 631 910 656 an.
932 620 1027 658 VIII.

258 729 426 769 Theiner,
447 739 537 763 arm.
559 732 641 763 eccl.
662 731 712 762 ad
732 729 768 763 h.
788 740 824 764 a.
843 741 882 764 n.
900 733 955 766 36.

338 848 460 894 137!
494 852 719 894 Certior-es
738 853 856 905 sacci
874 866 1049 895 sumus.
1069 875 1095 881 —
1116 850 1237 904 Greg.
1258 850 1363 892 XIII
1385 850 1649 893 senatoribus
1680 851 1852 893 Olomu—

259 919 455 962 censibus
471 920 696 974 collegium
713 921 795 963 S.I.
809 922 934 963 isthic
950 922 1193 964 institutum
1212 935 1377 964 summa
1392 922 1651 976 benignitate
1667 922 1850 977 amplec-

260 992 448 1034 tentibus
478 992 624 1035 laudes
653 993 816 1044 tribuit,
840 995 1090 1049 nuntiatque
1120 994 1296 1036 diversis
1317 1009 1369 1037 ex
1388 994 1493 1036 locis
1522 994 1719 1037 accersiri
1739 998 1788 1036 ut
1807 994 1849 1036 S.

259 1062 379 1105 Sedis
399 1064 638 1118 sumptibus
659 1065 831 1107 alantur
850 1065 1023 1108 iuvenes
1044 1079 1251 1120 pauperes
1272 1071 1401 1121 atque
1421 1065 1575 1108 idonei.

253 1129 299 1165 R..
317 1140 375 1174 ap.
396 1130 432 1165 S.
454 1130 495 1166 P.
517 1130 567 1166 VI
583 1131 663 1167 Iun.
686 1133 773 1167 1579
793 1132 830 1167 Ρ.
850 1143 909 1167 an.
931 1131 1026 1168 VIII.

262 1239 313 1273 lb.

342 1348 462 1395 151.²
493 1356 764 1405 Accepinms
785 1362 875 1392 eos,
899 1371 925 1377 -
945 1344 1070 1399 Greg.
1095 1345 1200 1388 XIII
1222 1347 1320 1390 duci
1350 1347 1649 1403 Lotharingiae
1669 1350 1858 1392 declarat

259 1420 545 1474 gratissimum
564 1419 646 1462 sibi
662 1419 750 1462 fore
772 1420 809 1461 si
830 1418 988 1461 efficiat
1003 1418 1227 1473 collegium
1245 1419 1286 1462 S.
1298 1419 1332 1462 Ι.
1348 1420 1658 1464 Pontimossoni
1674 1422 1855 1476 propriis

258 1505 302 1533 se
324 1492 486 1546 legibus
507 1505 666 1546 regere,
691 1497 734 1534 et
755 1504 902 1534 eorum
923 1491 995 1545 qui
1016 1491 1060 1531 in
1080 1490 1121 1532 d.
1142 1491 1223 1532 εἰν.
1244 1491 1382 1545 legum
1403 1492 1543 1535 studio
1560 1507 1731 1547 operam
1752 1493 1855 1535 dant

257 1564 476 1607 molimina
498 1563 721 1619 impediat.

259 1630 302 1666 R.
321 1642 379 1675 ap.
401 1631 437 1666 S.
459 1631 500 1666 P.
523 1631 612 1667 XIX
629 1632 719 1665 Nov.
746 1632 831 1666 1579
847 1630 890 1665 P.
909 1641 969 1665 an.
989 1629 1081 1666 VIII.

264 1739 438 1778 Theiner.
458 1752 548 1774 ann.
569 1743 650 1775 eccl.
671 1741 722 1774 ad
739 1740 775 1774 Ιι.
796 1752 830 1774 α.
851 1752 887 1774 n.
908 1742 963 1775 79.

343 1849 465 1896 154?
496 1856 549 1894 In
570 1856 666 1894 lam
685 1858 839 1907 yravz'.
877 1875 902 1881 -
939 1850 1066 1904 Greg.
1104 1849 1281 1893 XIII
1319 1852 1486 1905 maiori,
1523 1852 1777 1894 consiliariis
1816 1857 1859 1894 et

262 1921 424 1963 civibus
459 1921 578 1963 urbis
612 1921 800 1964 Dolanae
820 1935 942 1964 suam
963 1935 1016 1964 ex
1045 1935 1192 1964 eorum
1213 1923 1372 1977 pietate
1393 1927 1437 1965 et
1456 1925 1708 1977 constantia,
1732 1937 1857 1978 quam

259 2006 311 2034 ex
343 1992 467 2035 Edm.
508 1993 691 2047 Augerio
721 1994 929 2047 cognovit,
952 1994 1283 2036 consolationem
1318 1995 1527 2049 significat
1559 1999 1602 2037 et
1635 1995 1856 2037 consilium

258 2065 510 2107 iesuitarum
546 2065 770 2120 collegium
810 2065 1060 2107 instituendi
1096 2080 1360 2120 summopere
1398 2066 1572 2120 laudat3
1606 2067 1855 2121 prioratum,

261 2150 387 2191 quem
407 2136 622 2189 volebant,
645 2136 711 2179 illi
731 2137 907 2191 collegio
929 2138 1149 2180 concessit.

260 2203 302 2238 R.
323 2215 381 2247 ap.
405 2203 441 2238 S.
462 2202 502 2238 P.
525 2203 686 2239 xxvm
704 2205 793 2239 Nov.
818 2206 900 2239 1579
920 2204 959 2239 Ρ.
979 2204 1152 2240 an.v111.

261 2311 434 2354 Theiner,
454 2324 546 2347 ann.
567 2316 651 2348 eccl.
672 2317 722 2347 ad
739 2316 775 2346 h.
797 2325 832 2348 a.
853 2325 890 2347 n.
912 2315 987 2350 101.
1068 2357 1074 2362 ,

344 2423 464 2469 155.2
498 2427 744 2481 Colleyz'um
764 2426 1054 2469 iesuz'carum.
1094 2449 1119 2455 -
1155 2425 1277 2478 Greg.
1301 2423 1407 2466 XIII
1429 2428 1507 2479 epo
1536 2424 1640 2468 eccl.
1664 2425 1857 2479 Argenti-

264 2508 359 2536 nen.
385 2494 529 2548 gaudii
549 2495 615 2536 sui
636 2499 765 2537 testes
799 2495 964 2537 litteras
999 2495 1071 2537 dat
1106 2495 1217 2551 quod
1237 2496 1461 2550 collegium
1483 2496 1526 2539 S.
1548 2496 1583 2539 Ι.
1609 2500 1794 2551 expetat,
1817 2500 1859 2538 et

263 2566 534 2608 commendat
567 2572 617 2607 ut
651 2567 779 2608 etiam
816 2567 1048 2609 secundum
1077 2581 1195 2609 conc.
1220 2566 1335 2609 Trid.
1369 2568 1539 2610 decreta
1559 2567 1610 2609 de
1631 2581 1858 2622 puerorum

264 2637 361 2679 coll.
387 2651 461 2679 seu
482 2638 710 2680 seminario
745 2639 917 2693 cogitet,
940 2639 1009 2680 cui
1044 2652 1098 2681 ex
1118 2639 1284 2681 iesuitis
1319 2639 1511 2681 homines
1545 2640 1785 2694 aptissimos
1805 2639 1858 2680 ad

270 2710 429 2751 iuvent.
453 2709 572 2751 illam
591 2709 868 2752 erudiendam
888 2710 1076 2753 habebit.

271 2775 312 2811 R.
332 2787 391 2819 ap.
412 2775 448 2811 S.
468 2776 509 2811 P.
530 2776 618 2811 XIX
632 2776 718 2812 Dec.
740 2779 825 2812 1579
843 2777 883 2812 Ρ.
903 2788 963 2812 an.
983 2777 1082 2813 VIII.

270 2885 442 2929 Theium,
460 2897 553 2921 ann.
571 2886 656 2922 eccl.
676 2887 727 2921 ad
744 2886 779 2923 h.
799 2898 835 2923 a.
855 2899 892 2923 n.
912 2890 966 2924 33.

353 2994 475 3041 1593
508 3001 632 3041 Inter
650 3001 832 3041 caetera
853 3004 937 3054 Ap.
957 2999 1088 3042 Sedis
1107 3002 1305 3055 neyotz'a.
1318 3021 1344 3029 —
1360 2996 1482 3050 Greg.
1503 2996 1607 3039 XIII
1619 2996 1688 3040 Fr.
1712 2996 1858 3039 Toleto
