1989 3252
90 187 255 231 Innoc.
275 186 336 229 X.
759 204 812 210 —-
841 182 920 221 359
953 204 1004 210 -
1540 179 1671 223 1652.

91 270 383 322 ascendentes,
405 283 480 323 pro
501 281 683 323 quorum
704 267 915 322 aliquibus
936 267 988 308 ad
1011 267 1216 309 rationem
1238 269 1263 308 8
1293 265 1388 307 duc.
1425 278 1499 318 pro
1534 268 1673 306 cente-

90 342 209 383 nario
230 340 419 395 quolibet
438 339 573 381 solvit.

92 407 136 443 R.
154 418 212 450 ap.
233 406 268 440 S.
290 407 338 441 M.
358 406 408 440 M.
429 406 513 441 XIV
531 405 608 440 Oct.
630 406 713 440 1650
731 404 772 438 Ρ.
791 414 850 437 an.
872 404 946 438 VH.

1296 513 1382 555 Req.
1405 512 1493 545 bull.
1517 512 1577 545 VI.
1599 514 1674 546 110.

175 626 248 670 31.
284 623 324 664 S.
351 622 502 675 Congr.
529 621 656 663 Conc.
681 646 707 652 -
742 621 970 662 Decretum
1006 621 1049 661 in
1084 619 1314 661 Mantuana
1348 620 1672 673 primiceriatus,

93 693 204 748 quod
233 693 282 735 P.
304 692 374 734 Fr.
412 693 469 734 M.
509 692 703 744 Gonzaga
737 691 918 732 retinere
953 691 1092 732 valeat
1126 692 1455 744 primiceriatum
1491 691 1533 731 in
1569 690 1673 731 eccl.

91 764 132 807 S.
159 764 352 806 Andreae
372 762 574 804 Mantuae
597 762 649 804 de
671 763 762 803 iure
782 766 1031 815 patronatus
1051 761 1168 803 ducis
1189 761 1390 803 Mantuae
1411 777 1419 813 3
1451 762 1524 815 qui
1544 762 1675 802 insta-

93 835 165 877 bat
184 841 231 876 ut
250 833 503 877 beneficium
525 833 769 875 huiusmodi
791 834 959 874 omnino
990 833 1221 874 dimitteret
1248 837 1289 874 et
1308 834 1568 874 renuntiaret
1588 838 1675 874 toto

91 910 281 958 tempore
316 906 557 949 novitiatus.
598 903 654 945 Et
697 905 864 946 interim
900 903 1212 946 rescribendum
1248 908 1325 957 epo
1368 903 1586 945 Mantuan.
1628 909 1676 944 ut

91 975 309 1030 provideat
328 975 379 1017 de
399 988 582 1030 persona
602 975 759 1017 idonea
779 989 887 1030 quae
908 975 1060 1016 subeat
1079 989 1252 1016 munera
1272 975 1311 1017 d.
1336 975 1661 1029 primiceriatus

93 1044 133 1077 12
149 1043 240 1077 Nov.
262 1044 357 1078 1650.

1415 1133 1566 1168 E'lench.
1586 1133 1674 1167 bull.

176 1245 249 1290 32.
278 1241 320 1284 S.
344 1241 492 1295 Congr.
524 1245 697 1295 sporum
727 1245 769 1283 et
803 1242 933 1295 regul.
958 1267 983 1272 -
1017 1241 1241 1283 Decretum
1273 1240 1382 1295 quod
1403 1241 1679 1294 professiones

100 1318 336 1356 nostrorum
358 1327 445 1354 non
466 1317 562 1354 sunt
584 1313 912 1366 comprehensae
934 1313 975 1354 in
1000 1312 1112 1354 bulla
1133 1312 1388 1366 prohibitiva
1408 1311 1551 1353 Innoc.
1576 1311 1627 1353 X.

93 1383 133 1416 12
150 1380 235 1416 Dec.
257 1382 352 1414 1650.

1418 1472 1566 1505 Elench.
1586 1472 1671 1506 buil.

174 1584 248 1628 33.
279 1581 330 1622 A.
354 1580 400 1621 F.
427 1580 476 1622 R.
505 1580 562 1622 M.
586 1587 638 1624 In
658 1582 1031 1636 supereminenti.
1056 1604 1081 1610 -
1115 1579 1259 1620 Innoc.
1298 1578 1350 1631 X,
1373 1584 1543 1633 petente
1577 1580 1675 1621 Phi-

94 1653 208 1707 lippo
229 1652 347 1706 Hisp.
374 1665 469 1705 rege
489 1652 620 1704 cath.,
643 1651 888 1693 facultatem
909 1651 1151 1693 conferendi
1169 1650 1322 1704 gradus
1338 1651 1390 1692 iis
1410 1652 1481 1705 qui
1502 1651 1673 1692 studue-

93 1723 179 1764 rint
198 1736 329 1764 annos
350 1725 374 1764 5
397 1723 441 1763 in
462 1721 557 1763 coll.
580 1722 769 1763 formatis
789 1722 926 1775 presb.
951 1722 993 1764 S.
1016 1722 1052 1764 I.
1076 1722 1307 1763 insularum
1337 1722 1674 1776 Philippinarum

91 1807 142 1834 ac
175 1792 227 1834 de
249 1792 403 1844 Chille,
441 1792 675 1844 Tucuman,
698 1792 814 1833 fluvii
848 1793 899 1834 de
934 1793 1055 1835 Plata
1090 1800 1132 1834 et
1165 1794 1261 1835 novi
1295 1794 1411 1846 regni
1446 1793 1670 1835 Granaten.

92 1863 357 1917 aliarumque
378 1863 562 1917 partium
585 1862 824 1905 earumdem
846 1863 1063 1905 Indiarum
1085 1864 1325 1918 impartitur
1340 1863 1394 1905 ad
1409 1864 1671 1905 sexennium.

90 1930 132 1965 R.
152 1941 210 1972 ap.
231 1929 266 1964 S.
288 1930 337 1963 Μ.
357 1930 408 1965 Μ.
428 1930 501 1966 XX
520 1929 603 1963 Dec.
626 1932 708 1965 1650
727 1930 768 1964 P.
787 1941 845 1964 an.
867 1930 943 1966 VII.

1300 2039 1383 2081 κερ.
1406 2038 1493 2073 bun.
1522 2038 1577 2072 VJ.
1600 2041 1672 2074 111.

171 2149 244 2193 34.
280 2146 331 2187 A.
354 2145 403 2187 F.
426 2145 476 2187 R.
500 2145 559 2187 M.
584 2150 714 2190 Alias
735 2149 810 2202 fel.
834 2162 922 2191 rece.
949 2152 1081 2203 (ἔφη).
1105 2153 1204 2189 XV.
1227 2170 1253 2176 -
1285 2144 1431 2186 Innoc.
1455 2145 1509 2198 X,
1545 2159 1672 2199 expo-

90 2221 216 2259 nente
236 2218 367 2269 Pyrro
398 2217 612 2259 Gherardo
647 2217 689 2259 S.
726 2217 762 2259 Ι.
797 2217 968 2259 Procur.
1008 2217 1133 2269 Gen.‚
1170 2217 1324 2257 festum
1360 2216 1399 2258 S.
1439 2216 1506 2258 Fr.
1546 2216 1670 2270 Xaw,

89 2289 253 2342 quoties
283 2289 327 2329 in
361 2288 517 2330 domin.
557 2290 736 2342 primam
772 2289 976 2330 adventus
997 2288 1170 2341 incidat,
1193 2287 1411 2328 transferri
1446 2288 1489 2328 in
1525 2287 1674 2328 feriam

88 2359 314 2401 secundam
336 2373 432 2400 cum
455 2359 715 2413 indulgentia
735 2359 940 2401 concedit.

84 2425 129 2460 R.
148 2435 207 2468 ap.
226 2424 249 2458 S
281 2425 331 2459 Μ.
350 2425 399 2458 Μ.
421 2425 560 2460 XXVII
579 2424 657 2459 Oct.
680 2428 761 2460 1651
781 2425 821 2460 Ρ.
840 2436 899 2459 an.
919 2425 1014 2461 VIII.

86 2532 186 2566 Buzz.
208 2532 312 2566 Rom.
1411 2532 1550 2567 Elench
1582 2533 1657 2566 buu
1663 2559 1670 2568 .

168 2642 238 2686 35.
279 2647 432 2697 Nuper
448 2656 534 2697 pro
552 2647 703 2698 parte.
722 2667 747 2672 -
763 2641 908 2683 Innoc.
928 2641 981 2693 X,
999 2645 1168 2694 petente
1189 2646 1348 2683 rectore
1373 2641 1469 2682 coll.
1489 2641 1531 2683 S.
1555 2641 1669 2683 Iose-

84 2711 155 2765 phi
190 2711 460 2764 Neapolitani
494 2710 534 2753 S.
572 2711 625 2763 1.‚
664 2712 836 2753 mandat
872 2717 1001 2766 epo...
1037 2717 1084 2753 ut
1117 2726 1190 2766 pro
1225 2713 1482 2753 extinctione
1512 2726 1660 2754 census

83 2782 300 2823 cuiusdam
320 2783 364 2823 in
394 2781 508 2823 Urbe
543 2782 583 2824 d.
621 2783 794 2836 collegio
830 2783 1073 2824 facultatem
1109 2783 1308 2825 concedat
1341 2783 1573 2837 accipiendi
1608 2783 1660 2824 ad

83 2866 254 2894 censum
274 2852 456 2906 Neapoli
477 2867 683 2894 summam
704 2855 811 2895 8000
833 2854 928 2896 duc.

83 2918 126 2953 R.
145 2929 202 2962 ap.
224 2919 259 2953 S.
281 2919 330 2955 M.
349 2919 399 2954 M.
420 2919 487 2954 XII
503 2919 570 2954 Iul.
594 2922 676 2954 1652
696 2919 735 2954 P.
755 2931 801 2953 an
818 2920 914 2955 VIII.

1233 2997 1319 3040 Rey.
1337 2996 1425 3030 bull.
1453 2996 1511 3030 VI.
1532 2999 1606 3030 lll.
1627 2996 1660 3030 b.
