1989 3252
66 231 243 275 Urban.
263 230 392 275 VIII.
730 251 784 256 —
814 228 891 267 307
928 251 973 256 ——
1515 224 1646 271 1623.

150 318 191 360 6.
225 322 408 359 Ηακῑοηῑ
426 318 651 372 congyrm't.
675 339 700 344 —
719 313 865 354 Urban
890 312 990 353 VIII
1011 313 1176 354 officiali
1198 312 1362 365 Spiren.
1397 311 1568 352 mandat
1598 316 1643 352 ut

68 385 300 437 confirmet,
324 385 494 438 perinde
524 398 573 426 ac
607 385 642 424 si
679 384 845 424 litterae
879 383 1094 424 confectae
1131 383 1309 436 desuper
1329 382 1522 435 fuissent,
1547 396 1644 423 con-

69 470 228 498 cessam
251 470 274 497 a
295 456 416 509 Greg.
440 455 516 496 XV
539 460 562 496 5
584 455 670 496 kal.
695 455 775 507 Ap.
798 455 846 495 P.
871 468 938 495 an.
964 454 1026 495 III
1063 456 1257 495 unionem
1293 468 1388 494 cum
1425 454 1518 494 coll.
1544 454 1584 494 S.
1608 453 1645 495 Ι.

71 527 232 580 Spiren.
257 527 501 567 monasterii
526 526 771 567 monialium
808 525 1060 577 Heilspruch
1099 539 1224 566 nunc.
1264 523 1507 566 Cistercien.
1547 524 1646 566 Ord.

68 599 180 639 inter
199 611 294 650 opp.
320 597 555 650 imperialia
576 597 747 637 Landau
769 601 809 636 et
837 596 1014 636 Neustat
1036 595 1074 636 d.
1100 596 1233 636 dioec.
1259 596 1329 636 diu
1351 595 1403 636 ab
1424 595 1648 636 haereticis

73 669 277 722 occupati.

69 734 113 769 R.
133 744 190 777 ap.
211 733 248 769 S.
267 735 308 768 P.
328 734 410 769 VIII
427 733 476 769 id.
495 735 587 776 Aug.
611 735 694 767 1623
714 733 753 767 Ρ.
773 743 833 766 an.
852 733 880 768 I.

1244 841 1330 883 Κεφ
1351 841 1439 874 bun.
1466 842 1501 874 V.
1523 844 1596 876 180.
1616 842 1650 876 b.

154 963 192 1006 7.
227 964 411 1004 Ratione·
429 964 653 1013 conyruil.
678 984 703 989 -
724 957 884 1000 Urban.
910 957 1028 1010 VIII,
1052 962 1130 1011 epo
1155 972 1227 999 seu
1249 959 1329 1000 vic.
1353 972 1446 1011 gen.
1467 960 1653 1012 episcopi

71 1031 244 1085 Regien.
268 1030 439 1072 mandat
460 1034 506 1070 ut
536 1030 656 1071 iuxta
689 1030 852 1071 litteras
887 1029 1005 1082 Greg.
1030 1028 1124 1081 XV,
1162 1029 1219 1070 id.
1256 1029 1349 1071 Iun.
1389 1030 1435 1071 P.
1469 1044 1537 1071 an.
1570 1030 1651 1082 III⁷

73 1101 244 1156 perinde
266 1115 315 1143 ac
336 1102 370 1142 si
391 1105 488 1142 ante
510 1100 669 1142 obitum
691 1101 909 1154 expeditae
944 1105 1098 1152 essent,
1131 1100 1328 1153 procedat
1362 1102 1405 1142 in
1441 1108 1652 1154 permuta-

71 1174 186 1215 tione
220 1171 497 1227 quorumdam
535 1172 752 1224 bonorum,
791 1185 815 1212 a
854 1171 1061 1212 Flaminio
1104 1172 1283 1224 Bargelli
1319 1176 1361 1212 et
1397 1171 1519 1213 Petro
1550 1173 1648 1214 Ant.

77 1245 380 1298 Acquistapace
415 1243 575 1284 civibus
597 1243 772 1297 Carpen.
797 1243 969 1296 Regien.
995 1243 1127 1284 dioec.
1152 1242 1300 1295 petita,
1325 1248 1485 1284 attento
1523 1249 1651 1284 testa-

74 1319 214 1357 mento
235 1315 268 1356 Ι.
308 1314 431 1367 Bapt.
456 1314 776 1368 AequistapacQ
801 1315 843 1355 in
864 1315 1049 1355 favorem
1071 1314 1166 1355 coll.
1192 1313 1232 1355 S.
1256 1313 1290 1355 I.
1314 1314 1490 1367 Carpon.
1518 1314 1650 1355 Redd.

74 1401 173 1428 ann.
196 1388 222 1428 2
245 1388 308 1440 1s2
329 1385 422 1427 duc.
447 1387 538 1427 auri
561 1385 611 1427 de
632 1400 738 1427 cam.

70 1453 114 1488 R.
134 1463 192 1496 ap.
213 1452 248 1487 S.
269 1453 308 1487 P.
331 1452 377 1487 VI
395 1453 486 1494 Aug.
509 1454 592 1487 1623
614 1452 655 1486 Ρ.
675 1462 732 1486 an.
756 1453 778 1486 Ι.

1294 1561 1378 1603 Rey.
1399 1561 1487 1595 buci.
1512 1561 1549 1595 V.
1572 1564 1645 1595 172.

157 1684 198 1727 8.
232 1681 282 1722 A.
307 1680 352 1722 P.
377 1679 427 1722 R.
452 1680 509 1722 M.
538 1686 655 1724 Lites
675 1687 713 1724 el
734 1683 1005 1725 discor-dias.
1031 1706 1056 1710 —
1078 1679 1237 1722 Urban.
1270 1680 1390 1732 VIII,
1414 1681 1653 1734 petentibus

76 1756 238 1794 rectore
260 1751 356 1793 coll.
380 1750 421 1792 S.
445 1751 480 1793 Ι.
506 1750 733 1792 Taurincn.
760 1757 803 1792 et
823 1751 857 1792 Ι.
881 1751 929 1792 Β.
955 1752 1122 1793 Cortelo
1152 1758 1355 1805 perpetuo
1387 1752 1655 1793 commenda-

76 1821 183 1862 tario
218 1821 426 1873 prioratus
460 1820 530 1862 SS.
568 1820 711 1874 Steph.
737 1826 779 1861 et
813 1820 967 1861 Euseb.
994 1821 1075 1861 loci
1096 1820 1375 1873 Garmagnani
1400 1821 1447 1862 O.
1473 1821 1513 1862 S.
1539 1822 1588 1863 B.
1612 1822 1651 1862 d.

78 1891 230 1944 dioec.,
254 1905 279 1933 a
300 1892 552 1933 monasterio
582 1891 656 1932 Ss.
679 1890 897 1943 Solum-is,
922 1891 1171 1932 Adventoris
1206 1897 1246 1932 et
1280 1891 1442 1933 Octavii
1478 1892 1575 1933 Ord.
1615 1898 1658 1934 et

78 1962 212 2004 dioec.
248 1962 420 2017 praedd.
455 1962 744 2016 dependentis,
782 1962 1002 2003 confirmat
1033 1962 1299 2004 concordiam
1334 1977 1458 2016 super
1492 1963 1565 2004 lite
1605 1963 1656 2004 dc

80 2035 134 2074 44
149 2033 362 2087 iugeribus
379 2047 452 2074 seu
467 2034 668 2086 giornatis
683 2038 820 2074 terrae
836 2035 1022 2074 arativae
1039 2035 1081 2073 in
1099 2034 1310 2075 territorio
1327 2035 1406 2075 civ.
1426 2033 1650 2075 Taurinen.

81 2108 123 2145 et
141 2104 233 2146 loco
253 2104 294 2145 la
313 2104 479 2145 Piscina
498 2104 596 2145 delli
617 2104 754 2145 robori
789 2118 861 2145 seu
898 2104 947 2145 de
982 2104 1092 2145 Bora
1127 2107 1243 2156 (ann.
1282 2105 1400 2146 redd.
1443 2107 1490 2145 lO
1526 2111 1650 2157 scut„

80 2175 197 2216 valor
216 2176 259 2216 in
279 2176 534 2229 proprietate
555 2177 633 2215 600
655 2176 733 2227 sc.)
757 2176 866 2216 inter
887 2188 972 2227 θος,
997 2177 1248 2216 auctoritate
1270 2175 1457 2217 Mauritii
1489 2176 1529 2217 S.
1553 2177 1658 2217 Eus-

81 2246 211 2287 tachii
232 2246 338 2287 diac.
362 2245 476 2288 card.
499 2260 524 2287 a
547 2245 758 2287 Sabaudia
791 2248 939 2286 initam
968 2262 974 2287 :
999 2246 1036 2287 d.
1076 2251 1212 2288 rector
1249 2249 1325 2287 100
1360 2261 1417 2287 sc.
1455 2248 1546 2287 auri
1582 2261 1656 2300 pro

82 2317 337 2358 extinctione
357 2318 567 2370 pensionis
588 2331 686 2359 ann.
709 2319 761 2359 20
783 2331 840 2358 sc.
864 2317 1187 2358 Barrholomaeo
1210 2317 1387 2358 Bonesio
1409 2318 1507 2359 cler.
1533 2332 1658 2371 super

83 2387 124 2429 d.
147 2389 354 2441 prioratus
380 2387 548 2429 fructib.
573 2394 810 2429 reservatae
843 2389 991 2440 solvat,
1015 2387 1049 2429 I.
1074 2387 1107 2428 B
1146 2389 1235 2428 iure
1270 2402 1396 2441 super
1430 2389 1498 2430 dd.
1535 2390 1657 2429 terris

83 2458 205 2500 cedit.

84 2523 126 2558 R.
145 2534 201 2566 ap.
223 2523 258 2557 S.
280 2524 329 2558 M.
352 2525 398 2558 M.
418 2525 451 2560 11
469 2525 548 2560 Oct.
569 2527 652 2560 1623
670 2525 711 2558 P.
731 2535 790 2558 an.
811 2525 835 2557 l.

1250 2634 1339 2677 Rey.
1359 2635 1446 2668 hall.
1473 2635 1509 2667 V.
1533 2636 1605 2668 155.
1624 2635 1659 2669 b.

168 2754 211 2798 9.
246 2760 459 2809 Copiosus
476 2760 525 2796 in
546 2754 881 2796 misereoora'z'a.
904 2776 930 2782 -
950 2750 1110 2793 Urban.
1136 2750 1254 2804 VIII,
1276 2752 1517 2805 petentibus
1537 2766 1661 2806 supe-

86 2825 195 2865 riore
233 2828 275 2865 et
312 2822 449 2876 presb.
492 2822 639 2863 domus
674 2822 980 2876 infrascriptae,
1022 2822 1194 2863 mandat
1227 2822 1394 2863 officiali
1428 2823 1655 2877 Lingonen.

87 2898 134 2935 ut
152 2895 196 2935 in
215 2893 398 2935 favorem
419 2893 564 2934 domus
584 2892 836 2934 residentiae
857 2893 1094 2946 appellatae
1116 2894 1195 2934 civ.
1219 2892 1448 2946 Lingonen.
1467 2895 1510 2935 in
1531 2907 1657 2947 quam

86 2964 349 3018 presbyteros
369 2964 410 3006 S.
434 2963 468 3005 I.
492 2963 701 3005 introduci
722 2977 747 3004 a
767 2963 872 3005 Lud.
895 2976 992 3017 rege
1012 2963 1156 3004 christ.
1180 2964 1420 3017 impetravit
1449 2964 1658 3006 Sebastia-

87 3048 165 3077 nus
184 3034 328 3077 Zamot
348 3036 564 3089 episcopus
585 3039 628 3076 et
648 3034 732 3076 dux
766 3034 993 3088 Lingonen.
1018 3038 1060 3076 et
1093 3034 1296 3077 Franciae
1330 3049 1421 3089 par,
1454 3037 1574 3077 uniat
1607 3035 1662 3077 ad

1563 3104 1604 3138 20
