1989 3252
213 177 356 221 Clem.
380 174 510 220 VIII.
884 200 938 206 —-
967 177 1047 218 528
1077 201 1131 206 -
1674 181 1804 225 1592.

296 262 358 307 5.²
390 263 440 303 A.
465 262 511 304 Ρ.
537 261 586 304 R.
613 262 670 303 M.
699 266 973 307 cathedram
996 266 1244 309 militantis
1265 269 1492 311 eeclesiae.
1516 291 1541 297 -
1562 266 1683 320 Greg.
1707 266 1807 308 XIV

213 334 435 376 ecclesiam
458 335 793 387 praeposituram
816 348 942 375 nunc.
967 334 1013 376 B.
1040 334 1097 376 M.
1124 335 1172 377 V.
1198 336 1279 378 loci
1301 337 1352 378 de
1383 336 1536 379 Misma
1556 337 1802 391 Pergamen.

214 406 348 448 dioec.
373 419 463 447 vac.
488 419 563 458 per
583 406 783 459 resignat.
806 405 959 448 Leonis
980 406 1031 448 de
1052 406 1228 450 Cucchis
1245 409 1298 450 ad
1319 423 1464 462 preces
1481 411 1635 451 civium
1653 412 1805 464 princi-

213 478 424 531 paliorum
444 477 627 518 civitatis
650 476 894 530 Bergomen.
920 478 1095 532 collegio
1118 479 1159 522 S.
1194 479 1227 520 I.
1262 481 1304 522 in
1335 481 1374 523 d.
1410 482 1580 524 civitate
1609 482 1805 535 erigendo

212 549 412 591 annectit.

211 615 256 650 R.
276 626 333 658 ap.
355 614 391 650 S.
410 615 460 650 M.
481 615 528 649 id.
549 616 645 659 Aug.
664 617 748 651 1591
768 615 808 651 P.
828 626 887 651 an.
909 616 936 651 I.

1159 739 1284 774 Fund.
1300 751 1361 783 pr.
1390 741 1508 774 Venet.
1530 747 1553 776 t.
1576 743 1605 776 1.
1627 742 1802 786 Beryam.

582 920 1166 995 CLEMENTIS
1211 922 1432 996 VIII.

293 1105 357 1151 43²
388 1106 439 1148 A.
461 1105 511 1147 F.
538 1106 588 1147 R.
613 1104 673 1147 M.
698 1107 772 1149 Ad
799 1112 926 1149 Rom.
950 1108 1189 1160 Pontificis
1214 1110 1574 1162 providentiam.
1606 1133 1633 1140 -
1668 1106 1802 1151 Clem.

212 1177 332 1230 VIII,
355 1177 610 1220 confirmans
632 1177 794 1218 litteras
814 1175 896 1218 Iul.
920 1175 984 1217 III
1006 1182 1049 1218 et
1068 1175 1192 1230 Greg.
1218 1176 1324 1219 XIII
1345 1193 1418 1233 pro
1439 1179 1534 1222 coll.
1554 1178 1804 1222 Germanico

211 1254 254 1291 et
275 1249 516 1302 Hungarico
538 1263 666 1290 nunc.
690 1248 743 1290 de
763 1247 896 1300 Urbe,
920 1248 1107 1290 declarat
1136 1249 1300 1291 nullum
1330 1249 1511 1293 iudicem
1541 1252 1802 1293 saecularem

210 1320 277 1362 vel
292 1321 444 1362 eccleS.
470 1334 591 1374 posse
614 1333 658 1362 se
680 1320 961 1361 intromittere
982 1320 1026 1361 in
1046 1321 1185 1362 causis
1201 1326 1243 1363 et
1262 1323 1440 1375 negotiis
1461 1323 1502 1365 d.
1526 1323 1707 1377 collegii,
1731 1323 1803 1366 sed

209 1392 322 1433 solos
344 1390 468 1433 Card.
493 1391 758 1434 Protectores
778 1405 852 1433 seu
875 1391 929 1432 ab
949 1393 1011 1433 eis
1033 1391 1255 1446 deputatos
1276 1393 1452 1435 iudices.

207 1459 253 1494 R.
273 1471 329 1502 ap.
353 1459 389 1494 S.
410 1459 451 1493 P.
472 1459 521 1494 VI
539 1459 647 1493 Mart.
670 1461 754 1494 1592
774 1459 815 1493 P.
835 1470 894 1494 an.
914 1459 941 1494 Ι.

208 1570 316 1604 Rom.
336 1580 382 1602 eoe
397 1575 472 1612 typ.
492 1580 587 1603 cam.
607 1574 723 1613 apost.
745 1571 841 1604 1656.
1451 1571 1552 1606 Buzl.
1571 1571 1653 1605 coll.
1677 1572 1804 1606 Germ.

292 1689 356 1735 4.³
389 1697 473 1734 His
488 1695 670 1746 quaein
685 1692 911 1746 favorem.
936 1715 962 1722 -
983 1689 1114 1734 Clem.
1139 1690 1242 1733 VIII
1265 1691 1423 1733 Nuntio
1446 1692 1593 1746 Apost.
1618 1692 1735 1735 Sedis
1761 1694 1804 1734 in

209 1762 386 1804 Polonia
404 1762 578 1803 mandat
595 1767 643 1803 ut
659 1763 779 1804 iuxta
794 1776 939 1817 preces
955 1762 1152 1805 Stanislai
1169 1764 1354 1818 episcopi
1370 1763 1583 1806 Gnesnen.
1602 1765 1804 1806 nonnulla

209 1833 317 1875 bona
339 1834 382 1874 in
404 1833 493 1875 loco
515 1833 737 1875 Pawlocko
759 1833 798 1875 d.
823 1833 959 1876 dioec.
984 1848 1057 1875 seu
1080 1835 1122 1875 in
1144 1833 1257 1876 illius
1279 1835 1544 1888 pertinentiis
1564 1836 1685 1876 iuxta
1705 1850 1803 1878 suos

209 1905 396 1947 confines
431 1906 661 1947 existentia
696 1904 915 1959 redempta
949 1905 1002 1946 ab
1033 1905 1231 1947 oneribus
1265 1906 1439 1959 collegio
1475 1905 1516 1948 S.
1549 1905 1584 1948 I.
1621 1907 1665 1947 in
1700 1921 1798 1961 opp.

208 1976 334 2030 Regis
355 1982 596 2030 nuncupato
617 1976 668 2018 de
689 1975 864 2018 Calissio
885 1976 926 2018 d.
951 1976 1084 2020 dioec.
1109 1978 1312 2031 applicet.

210 2044 251 2078 R.
271 2055 329 2086 ap.
351 2044 385 2078 S.
409 2045 448 2079 P.
471 2044 499 2076 V
517 2044 564 2078 id.
588 2044 694 2078 Mart..
718 2046 801 2079 1592
817 2044 857 2080 P.
876 2054 936 2079 an.
952 2045 996 2080 ΙΙ.

989 2156 1112 2190 Fumi.
1136 2157 1267 2191 Ροῖοη.
1287 2162 1310 2191 t.
1330 2157 1360 2197 I,
1380 2159 1424 2191 55
1440 2157 1583 2190 docum.
1606 2156 1799 2191 Calissien.

290 2275 353 2322 8.2
386 2277 434 2318 A.
459 2275 505 2318 P.
530 2275 580 2318 R.
607 2275 662 2318 Μ.
699 2279 917 2321 Eoelzz'bz'ta
945 2279 1188 2333 siquidem.
1213 2301 1238 2307 -
1274 2275 1403 2318 Clem.
1439 2276 1558 2330 VIII,
1582 2277 1636 2318 ad
1655 2291 1799 2331 preces

206 2348 465 2390 Ferdinandi
499 2348 739 2389 archiducis
773 2349 969 2390 Austriae
991 2353 1031 2390 et
1057 2350 1347 2390 consentiente
1369 2349 1418 2389 A.
1452 2347 1503 2390 R.
1538 2348 1583 2391 P.
1622 2348 1797 2391 Claudio

205 2420 425 2474 Aquaviva
445 2420 539 2461 Soc.
564 2419 660 2462 Iesu
684 2420 835 2473 Praep.
859 2421 962 2462 Gen.
989 2419 1179 2472 indulget
1200 2424 1262 2472 ut,
1285 2421 1407 2461 iuxta
1427 2420 1621 2461 ultimam
1652 2421 1796 2462 volun-

205 2497 335 2533 tatem
373 2491 414 2533 b.
454 2505 507 2533 1n.
534 2491 811 2544 Magdalenae
846 2491 898 2532 ab
934 2491 1107 2532 Austria
1141 2491 1327 2544 reginae,
1359 2491 1508 2533 domus
1542 2506 1669 2546 quam
1704 2493 1796 2545 ipsa

203 2562 454 2604 fundaverat
474 2569 517 2604 et
537 2563 713 2616 collegio
735 2562 775 2604 S.
800 2562 835 2605 I.
860 2564 903 2604 in
944 2562 1094 2617 oppido
1135 2562 1187 2605 de
1224 2562 1350 2604 Halla
1385 2564 1609 2605 comitatus
1631 2563 1796 2616 Tyrolis

206 2634 362 2675 nullius
401 2648 473 2676 seu
516 2634 731 2676 Brixinen.
776 2634 909 2677 dioec.
948 2633 1245 2685 destinaverat,
1283 2635 1325 2675 in
1360 2648 1482 2676 usum
1518 2635 1725 2688 virginum
1756 2640 1799 2676 et

205 2706 427 2747 viduarum
444 2706 648 2748 nobilium
666 2706 906 2760 religiosum
923 2707 1036 2748 vitae
1053 2720 1183 2760 genus
1200 2706 1515 2748 observantium
1533 2712 1791 2760 permaneat.

206 2773 246 2808 P.
266 2784 324 2816 ap.
345 2773 381 2808 S.
403 2773 444 2807 P.
466 2773 534 2807 XII
553 2773 627 2807 kal.
650 2773 737 2807 Maii
758 2775 842 2809 1592
861 2773 902 2808 P.
922 2784 982 2808 an.
1000 2773 1044 2808 Π.

984 2885 1110 2919 Fuml.
1131 2884 1258 2920 Germ.
1278 2886 1462 2928 superior.
1483 2890 1569 2919 tom.
1590 2884 1630 2919 II
1644 2883 1797 2919 Hallae.

289 3004 352 3049 9.2
385 3005 433 3045 A.
459 3004 503 3045 F.
530 3003 580 3046 R.
606 3003 655 3045 N.
687 3007 925 3049 Desideria
947 3008 1085 3048 iusta.
1123 3028 1148 3034 -
1183 3003 1316 3045 Clem.
1344 3001 1461 3055 VIII,
1485 3007 1656 3056 petente
1686 3002 1796 3043 Iulio
