1989 3252
118 236 121 237 ⁷
153 216 296 260 Clem.
318 213 450 258 VIII.
823 236 875 242 ——
905 213 984 253 529
1013 235 1067 241 —
1603 212 1731 256 1596.

152 305 230 354 epo
251 299 518 352 Herbipolen.
542 298 764 351 collegium
781 298 821 340 S.
846 297 1004 338 Kiliani
1020 311 1146 338 nunc.
1170 297 1222 338 ab
1243 298 1333 350 ipso
1365 297 1608 349 constructi,
1632 310 1732 338 suae

152 370 399 425 protectioni
418 374 462 411 et
482 368 761 410 iurisdictioni
783 368 956 409 subiicit
976 368 1035 408 ita
1055 368 1165 421 quod
1186 368 1327 408 nullus
1348 381 1412 408 res
1434 367 1524 408 eius
1545 367 1731 409 alienare

152 443 298 496 possit,
321 442 404 482 imo
425 453 684 481 successores
706 439 809 480 illud
829 452 981 492 augere
1002 444 1042 480 et
1064 452 1212 480 ornare
1234 438 1464 479 redditibus
1480 443 1722 480 teneantur.

150 508 196 543 R.
214 518 272 550 ap.
293 506 329 541 S.
352 506 390 540 Ρ.
410 505 552 540 XXVII
568 505 655 539 Maii
675 507 759 540 1592
778 505 819 539 Ρ.
839 515 898 539 an.
918 505 945 539 I.

152 615 193 649 F.
212 614 260 649 X.
277 624 348 647 von
374 613 531 656 Weqele,
550 611 762 648 Geso-hicme
777 612 844 645 der
867 611 970 645 Unir.
1001 611 1214 655 Wirzbury.
1233 612 1283 652 H,
1300 614 1376 646 216.

231 734 324 781 35.2
354 734 404 775 Α.
428 733 474 775 Ρ.
499 732 548 774 R.
574 731 631 773 M.
654 739 867 775 Omnium
887 735 1039 775 sacnti.
1060 755 1085 760 -
1100 730 1230 772 Clem.
1252 729 1353 772 VIII
1369 744 1443 784 pro
1465 731 1567 774 eccl.
1587 733 1629 773 in
1647 733 1725 775 civ.

151 805 297 848 Chien.
322 805 362 847 S.
385 804 420 846 Ι.
445 803 634 845 concedit
656 810 702 843 ut
722 804 885 856 quoties
904 802 956 843 ad
990 802 1124 843 altare
1155 802 1282 843 semel
1318 803 1618 856 designandum
1654 817 1727 856 pro

152 877 295 918 anima
323 877 608 928 cuiuscunque
638 874 681 914 in
712 873 916 914 charitate
939 872 1017 914 Dei
1045 872 1231 914 defuncti
1261 873 1556 927 celebrabitur,
1588 876 1730 915 anima

150 947 451 1000 indulgentiam
471 946 522 987 de
542 945 740 986 thesauro
761 944 862 985 eccl.
888 948 1171 997 consequatur
1206 944 1265 984 ita
1299 948 1346 985 ut
1379 958 1404 985 a
1438 958 1559 998 purg.
1584 946 1729 998 poenis

150 1019 368 1061 liberatur.

149 1085 192 1120 R.
211 1096 269 1128 ap.
291 1084 326 1120 S.
347 1084 388 1118 P.
408 1083 531 1118 XXVI
549 1082 658 1116 Mart.
680 1084 763 1117 1593
782 1082 823 1116 P.
843 1092 901 1116 an.
921 1081 981 1116 ΠΙ.

1336 1192 1420 1235 Req.
1441 1191 1528 1227 buli.
1558 1192 1616 1227 VI.
1636 1194 1676 1226 62
1694 1192 1729 1228 b.

230 1304 323 1350 37.2
340 1306 390 1346 A.
410 1303 456 1345 P.
473 1304 522 1345 R.
536 1303 595 1345 M.
616 1310 667 1347 1η
688 1318 932 1359 supremae
952 1306 1193 1359 (lz‘ym'tacz's
1211 1307 1409 1359 specula.
1430 1327 1456 1334 -
1472 1303 1607 1345 Clem.
1625 1302 1728 1344 VIII

149 1375 202 1417 ad
223 1389 368 1429 preces
384 1374 527 1416 lacobi
546 1374 848 1428 Chrystophori
867 1374 1054 1427 episcopi
1076 1373 1274 1416 Basilien.
1294 1375 1504 1426 prioratus
1527 1375 1579 1416 de
1602 1374 1727 1415 Mise-

148 1447 250 1488 rach
270 1446 481 1488 Basileon.
505 1446 638 1487 dioec.
661 1446 704 1486 in
726 1445 883 1486 ditione
904 1444 1047 1498 oppidi
1070 1443 1258 1486 Basileae
1290 1449 1331 1485 et
1358 1444 1536 1486 Grandis
1556 1446 1728 1498 gurgitis

148 1518 357 1560 Bisuntin.
397 1518 529 1559 dioec.
564 1522 605 1558 et
641 1518 682 1557 in
718 1517 876 1557 ditione
898 1516 1104 1557 Basileen.
1130 1517 1362 1557 consistens
1396 1515 1723 1558 Praemonstrat.

147 1604 221 1632 seu
255 1589 427 1631 alterius
457 1588 624 1630 Ordinis
654 1602 755 1630 cura
785 1594 828 1629 et
858 1591 1066 1629 conventu
1097 1592 1301 1637 carentes,
1333 1589 1520 1628 annectit
1550 1587 1728 1640 collegio

148 1663 423 1703 Bruntrutan.
450 1661 493 1702 S.
517 1659 552 1702 Ι.

146 1728 188 1763 R.
208 1739 264 1771 ap.
286 1726 322 1762 S.
342 1727 383 1762 P.
399 1726 448 1762 III
467 1726 540 1761 kal.
561 1726 649 1760 Maii
671 1728 755 1761 1593
772 1726 812 1760 P.
833 1736 891 1760 an.
912 1725 954 1760 11.

1012 1835 1136 1868 Famd.
1162 1835 1288 1869 Germ.
1307 1845 1431 1876 super.
1451 1840 1474 1867 t.
1496 1834 1514 1867 I
1529 1834 1728 1868 Bruntrut.

227 1948 320 1993 452²
353 1955 459 1992 Cum
480 1953 596 1991 Sicut
616 1950 760 1990 nobis.
786 1971 812 1976 —
846 1945 977 1986 Clem.
1018 1943 1119 1985 VIII
1156 1944 1343 1985 Thomae
1365 1945 1562 1998 episcopo
1591 1943 1726 1985 Biter-

146 2031 236 2060 ren.
260 2019 418 2071 petenti
441 2019 605 2070 annuit,
628 2023 687 2067 ut,
709 2017 926 2058 translatis
956 2015 1210 2057 monialibus
1241 2016 1484 2057 monasterii
1521 2014 1563 2056 S.
1595 2014 1725 2068 Spiri-

145 2094 215 2131 tus
235 2091 312 2131 civ.
346 2089 549 2132 Biterren.
574 2090 622 2131 O.
647 2089 689 2131 S.
713 2089 819 2142 Aug.
843 2102 868 2129 a
898 2087 1122 2140 disciplina
1151 2087 1349 2139 religiosa
1378 2086 1641 2128 deviantibus
1672 2085 1725 2127 ad

144 2160 229 2202 alia
244 2162 515 2214 monasteria,
534 2160 640 2201 illud
656 2160 958 2201 monasterium
975 2171 1069 2199 cum
1090 2157 1270 2199 ecclesia
1286 2161 1328 2197 et
1344 2157 1521 2198 annexis
1539 2157 1724 2209 assignet

143 2231 236 2274 coll.
262 2231 301 2273 S.
327 2231 361 2272 Ι.
386 2233 430 2272 in
450 2232 491 2274 d.
514 2232 702 2273 civitate.

141 2297 186 2333 R.
205 2309 263 2341 ap.
285 2298 320 2333 S.
342 2298 381 2333 P.
400 2298 449 2333 III
468 2299 561 2341 Aug.
585 2300 667 2332 1593
685 2298 725 2332 P.
745 2308 804 2331 an.
826 2297 869 2331 II.

1076 2403 1199 2437 Fund.
1216 2414 1274 2447 pr.
1299 2402 1413 2436 Tolos.
1435 2408 1458 2436 t.
1478 2402 1516 2436 11
1533 2404 1718 2438 Biterren.

224 2517 317 2563 66ss
348 2523 447 2560 Iam
466 2518 723 2571 complures
743 2529 932 2558 menses.
957 2536 983 2542 -
1012 2511 1145 2552 Clem.
1164 2509 1265 2551 VIII
1295 2509 1492 2563 archieps>
1523 2510 1721 2564 Pragensi

143 2589 353 2650 significat
371 2588 425 2630 ad
445 2601 490 2628 se
510 2587 689 2628 relatum
724 2599 814 2626 esse
844 2585 895 2626 de
917 2584 1151 2638 praeposito
1182 2582 1393 2623 Glaciensi
1417 2582 1527 2635 quod
1548 2583 1718 2623 statuis-

142 2666 206 2702 set
226 2661 270 2701 in
290 2672 365 2700 sua
383 2657 672 2712 praepositura
692 2656 851 2708 erigere
873 2654 970 2697 coll.
994 2654 1035 2695 S.
1059 2653 1095 2695 I.

140 2727 184 2762 R.
204 2738 262 2769 ap.
281 2725 317 2760 S.
337 2725 378 2759 P.
398 2724 502 2759 XVII
520 2723 625 2757 Febr.
648 2724 730 2756 1596
749 2721 789 2755 P.
809 2732 868 2755 an.
887 2720 948 2756 IV.

136 2835 210 2870 Iul.
231 2834 393 2876 Poyiam‘
409 2831 458 2866 ΙΙ.
475 2842 514 2876 p.
535 2833 608 2866 170.
627 2831 809 2874 (partim).

216 2953 309 3000 68²
354 2960 488 2997 Fiam
508 2958 547 2996 et
567 2955 841 2996 salutarem.
879 2974 904 2980 -
939 2948 1071 2991 Clem.
1110 2947 1213 2989 VIII
1243 2946 1463 3000 Rodulpho
1499 2946 1637 3000 Hung.
1671 2953 1713 2989 et

135 3025 309 3067 Bohem.
329 3025 416 3078 regi
436 3023 589 3064 illustri
610 3021 820 3075 significat
841 3034 884 3062 se
906 3022 1018 3074 piam
1041 3023 1084 3060 et
1103 3018 1331 3060 salutarem
1351 3031 1497 3071 praep.
1520 3017 1706 3059 Glacien-
