1989 3252
57 239 219 282 Innoc.
243 237 355 280 XII.
735 260 779 264 —
810 237 890 277 415
920 261 974 267 —
1505 239 1637 283 1692.

56 324 215 376 tulerit,
238 324 389 365 rectori
418 328 460 364 et
488 322 775 375 collegialibus
804 321 951 363 domus
980 323 1098 376 prob.
1121 322 1162 364 S.
1188 323 1221 364 Ι.
1246 322 1567 376 Ulisiponeusis,
1590 330 1638 365 ut

57 395 160 436 duos
179 394 358 435 novitios
378 393 430 435 ad
451 399 590 447 partes
616 392 666 433 de
697 391 872 434 Madure
902 395 945 433 in
974 393 1106 434 Indiis
1136 394 1446 435 transferendos
1475 402 1640 437 susten-

55 469 163 518 tent,
185 465 426 519 pensionem
447 477 631 505 annuam
652 477 776 516 super
796 463 1002 505 fructibus
1024 478 1193 506 mensae
1222 465 1420 506 Elboren.
1444 468 1524 506 200
1548 479 1642 507 cru-

57 538 263 577 ciatorum
284 540 477 577 monetae
496 534 779 588 Por-tugalliae
799 534 1003 576 concedit.

57 601 100 636 R.
117 612 177 644 ap.
196 601 232 636 S.
252 601 302 635 M.
321 601 372 636 M.
389 601 439 636 IV
456 612 540 635 non.
559 600 640 635 Iun.
660 602 745 635 1692
762 600 802 634 Ρ.
825 611 883 633 an.
904 600 933 634 I.

1283 709 1371 754 κερ.
1391 710 1480 745 bun.
1507 712 1588 745 VII.
1605 714 1640 748 7.

139 820 183 862 4.
216 817 268 858 Α.
292 816 338 858 F.
362 816 410 857 R.
438 815 493 857 M.
520 823 572 859 In
592 831 807 872 supremo
830 820 1085 860 ιηῑίῑίιιηίὶε.
1107 841 1132 847 -
1161 816 1255 858 Iun.
1278 816 1377 870 XII,
1399 820 1642 872 petentibus

57 886 172 928 Cam.
197 887 395 928 Malvezzi
426 892 469 928 et
499 886 670 927 Hieron.
705 886 926 939 Sampieri‚
959 888 1279 929 constitutiones
1309 892 1640 943 congregationis

58 958 436 999 ecclesiasticorum
468 958 676 999 saecular.
710 958 752 998 in
784 957 877 999 coll.
912 958 952 999 S.
987 958 1142 1000 Luciae
1171 958 1212 1000 S.
1236 959 1271 1001 I.
1295 959 1547 1002 Bononiensi
1583 962 1637 1003 ad

57 1029 265 1070 clericalis
286 1033 420 1070 status
441 1029 739 1082 perfectionem
762 1042 787 1069 a
806 1028 956 1070 Iacobo
977 1030 1163 1083 archiep.
1189 1030 1417 1073 Bononien.
1440 1046 1509 1074 an.
1536 1035 1636 1074 1691

57 1105 242 1153 erectae,
266 1105 400 1154 apost.
425 1100 676 1141 auctoritate
697 1100 933 1142 confirmat.

59 1167 101 1202 R.
121 1177 179 1209 ap.
198 1166 234 1201 S.
253 1166 302 1200 M.
325 1167 371 1200 M.
394 1166 481 1201 XXI
498 1166 577 1200 Iun.
598 1168 681 1201 1692
700 1166 741 1199 Ρ.
762 1177 820 1200 an.
839 1167 867 1201 I.

57 1273 160 1309 Buzl.
180 1274 283 1309 Rom.
1291 1278 1377 1320 Rey.
1396 1278 1483 1313 hutz.
1508 1279 1590 1313 VII.
1614 1283 1643 1313 l.

141 1384 186 1428 5.
216 1381 256 1424 S.
282 1380 430 1436 Congr.
455 1396 522 1436 ep.
546 1387 589 1424 et
608 1396 694 1436 reg.
718 1407 744 1413 —
765 1382 989 1425 Decretum
1010 1385 1054 1424 in
1081 1398 1209 1426 causa
1230 1385 1512 1440 Neapolitana
1542 1388 1584 1431 S.
1608 1388 1644 1430 I.

60 1458 208 1494 contra
237 1452 501 1494 Dominicum
537 1453 595 1494 M.
629 1453 864 1506 Spinulam,
897 1468 1011 1508 prov,
1046 1455 1243 1509 NeapoL,
1276 1458 1567 1500 refractarium
1603 1461 1648 1500 in

60 1523 294 1566 recedendo
329 1538 356 1565 a
388 1524 484 1567 coll.
510 1524 688 1577 Nolano,
720 1529 765 1566 ut
800 1526 939 1567 iussus
973 1532 1079 1579 erat,
1118 1532 1160 1568 et
1194 1542 1238 1568 se
1273 1530 1562 1572 transferendo
1593 1530 1646 1571 ad

64 1594 326 1648 Capuanum.
351 1596 529 1638 Omnino
550 1602 711 1649 pareat.

57 1663 99 1697 27
115 1661 195 1697 Iun.
216 1663 312 1697 1692.

1383 1775 1533 1811 Elench.
1552 1779 1641 1813 bull.

141 1890 184 1935 6.
219 1897 324 1935 Cum
345 1891 423 1946 fel.
445 1906 531 1935 rec.
554 1895 859 1936 Innocentius.
881 1916 906 1922 -
927 1890 1020 1934 Inn.
1049 1892 1130 1934 XII
1161 1894 1464 1948 indulgentiam
1495 1897 1641 1950 plena-

58 1961 162 2001 riam
184 1960 236 2002 ab
257 1960 350 2003 Inn.
373 1961 427 2014 X,
450 1961 574 2002 Alex.
592 1960 673 2002 VII
695 1966 737 2002 et
756 1961 850 2002 Inn.
874 1961 932 2002 Xl
954 1963 1046 2016 (cfr.
1072 1977 1112 2004 n.
1142 1965 1209 2017 11)
1231 1964 1284 2005 ad
1317 1967 1366 2007 15
1397 1980 1528 2008 annos
1564 1982 1639 2021 pro

62 2032 356 2073 communione
376 2032 560 2085 generali
579 2038 861 2086 prorogatam,
883 2038 1078 2087 prorogat
1098 2034 1151 2075 ad
1171 2035 1276 2077 alios
1300 2038 1348 2077 15
1372 2051 1517 2081 annos.

59 2097 102 2132 R.
121 2108 179 2141 ap.
200 2097 238 2132 S.
257 2098 305 2132 M.
325 2099 375 2134 M.
392 2099 443 2134 111
460 2099 556 2142 Sept.
579 2102 662 2134 1692
681 2100 722 2134 P.
742 2110 788 2133 an
820 2100 864 2135 II.

948 2210 1097 2245 Elench.
1117 2212 1205 2245 bule.
1223 2231 1264 2236 —
1281 2213 1369 2257 Rey.
1390 2213 1479 2248 bull.
1508 2214 1589 2250 VII.
1608 2218 1642 2250 5.

143 2327 185 2370 7.
218 2324 367 2380 Congr.
391 2326 441 2368 de
462 2340 579 2381 prop.
602 2327 684 2369 fide
704 2353 730 2358 -
751 2328 975 2371 Decretum
1010 2330 1091 2372 ΡΡ.
1114 2330 1251 2373 Emm.
1276 2331 1308 2372 F
1310 2334 1467 2375 erreira
1488 2338 1530 2375 et
1550 2334 1634 2377 Ios.

61 2394 304 2438 Candonum
324 2398 367 2438 in
389 2397 521 2439 officio
541 2400 794 2441 missionarii
809 2400 1111 2454 redintegrans,
1128 2403 1189 2444 ita
1210 2409 1256 2444 ut
1275 2404 1446 2446 valeant
1466 2405 1519 2446 ad
1540 2407 1637 2446 mis-

59 2467 196 2508 siones
226 2467 435 2510 Tunchini
463 2474 506 2511 et
536 2471 784 2512 Cocincinae
815 2471 951 2512 redire
981 2473 1090 2514 unde
1120 2476 1303 2516 revocati
1322 2475 1488 2517 fuerant
1518 2477 1634 2517 iussu

61 2537 156 2580 Inn.
179 2537 254 2581 XI.

65 2606 102 2638 ll
121 2604 200 2639 Oct.
220 2607 316 2640 1692.

1386 2723 1535 2760 Elench.
1556 2725 1643 2762 buli.

145 2833 188 2878 8.
220 2832 271 2874 A.
294 2831 343 2876 F.
366 2832 415 2875 R.
440 2832 496 2874 Μ.
522 2842 707 2892 Eoepom'
723 2840 852 2881 nobis
871 2853 1030 2895 nuper.
1052 2865 1078 2870 -
1097 2839 1190 2883 Inn.
1210 2841 1309 2895 XII,
1331 2848 1492 2886 attento
1513 2850 1641 2887 testa-

63 2907 203 2944 mento
235 2905 284 2945 15
314 2903 417 2945 Maii
449 2907 553 2946 1683
583 2920 664 2959 quo
693 2909 919 2950 canonicus
946 2909 1125 2952 Ioannes
1154 2912 1360 2954 Antonius
1395 2915 1425 2955 F
1428 2916 1540 2956 resia
1558 2917 1638 2959 civ.

64 2973 321 3015 Salutiarum
340 2975 512 3029 collegio
533 2977 780 3019 clericorum
801 2978 842 3021 S.
861 2979 897 3020 I.
921 2993 1030 3022 anno
1054 2983 1158 3023 1679
1179 2983 1231 3024 ob
1250 2984 1490 3027 reddituum
1510 2987 1642 3029 insuf-

64 3044 292 3087 ficientiam
326 3045 529 3089 dissoluto
563 3049 786 3102 quamdam
821 3050 989 3093 domum
1023 3067 1143 3095 suam
1182 3054 1366 3098 fabricae
1401 3056 1442 3099 d.
1479 3058 1644 3113 collegii
