1989 3252
277 164 609 210 Urban.V111.
953 191 1007 198 -
1036 169 1115 209 328
1147 193 1199 199 -
1671 154 1687 176 ²
1734 174 1862 218 1629.

361 254 434 296 94.
468 252 519 293 A.
559 251 605 292 P.
641 251 692 294 R.
730 251 788 295 M.
829 261 1064 300 Romanus
1085 259 1317 312 Pontifex.
1341 282 1367 288 -
1396 256 1557 299 Urban.
1595 257 1699 300 VIII
1732 260 1868 301 sancit

282 320 394 374 quod
415 335 440 362 a
459 320 581 374 Greg.
607 321 726 374 XIII,
751 321 882 365 Clem.
908 323 1011 366 VIII
1046 331 1088 368 et
1121 326 1242 380 Greg.
1283 327 1359 368 XV
1394 328 1654 370 declaratum
1689 334 1753 371 est
1784 344 1867 372 non

282 405 402 444 posse
432 392 647 445 religiosos
670 394 712 436 S.
736 393 770 435 I.
797 395 859 435 uti
889 395 1092 438 facultate
1128 398 1368 439 litterarum
1404 398 1446 441 S.
1472 400 1693 442 Cruciatae
1729 401 1868 455 quoad

280 462 518 515 eligendum
540 464 844 507 confessarium
866 470 908 507 et
944 467 1214 510 obtinendam
1235 469 1543 512 absolutionem
1565 485 1590 512 a
1625 473 1865 514 reservatis.

286 534 328 568 R.
348 545 406 577 ap.
428 534 463 569 S.
486 535 526 569 P.
547 536 676 572 XXXI
693 537 800 572 Mart.
821 541 906 573 1629
924 539 965 574 P.
984 550 1042 573 an.
1064 540 1124 575 VI.

279 653 374 687 Νου,
393 654 480 687 bun.
501 655 536 689 S.
555 655 585 689 I.
603 658 677 691 168.
697 676 738 680 ——
757 657 858 691 Ball.
878 658 984 693 Rom.
1516 663 1603 706 Ray.
1625 663 1711 697 bum.
1736 663 1775 699 V.
1794 667 1870 700 258.

361 778 439 833 95.
466 775 507 817 S.
526 775 676 829 Congr.
698 790 815 819 conc.
834 802 860 808 —
875 777 1101 820 Decretum
1122 794 1348 834 prorogans
1366 781 1565 824 Societati
1586 783 1682 825 Iesu
1705 788 1871 838 tempus

279 845 332 887 ad
353 860 427 888 sex
448 860 612 888 menses
639 848 833 890 ‘tradendi
863 849 903 890 d.
936 849 1258 904 Congregationi
1288 858 1428 895 notam
1460 854 1702 897 reddituum
1731 857 1869 898 ouius-

281 931 462 971 cumquc
483 917 650 971 collegii
670 919 714 959 in
747 918 890 972 Italia,
913 920 965 962 ad
987 923 1292 976 praescriptum
1312 924 1355 964 in
1377 923 1545 967 decreto
1566 924 1670 968 Urb.
1695 925 1798 968 VIII
1819 927 1870 969 de

281 987 566 1031 celebratione
586 989 826 1033 missarum.

282 1062 321 1094 12
338 1059 427 1095 Maii
448 1063 545 1096 1629.

1603 1178 1756 1212 Elench.
1776 1179 1865 1213 bull.

362 1293 436 1337 96-
472 1297 594 1335 Licet
614 1307 674 1336 em
693 1299 905 1349 suscepti.
930 1318 956 1324 —
986 1293 1146 1335 Urban.
1172 1292 1292 1347 VIII,
1315 1300 1485 1349 petente
1517 1297 1714 1339 Mauritio
1745 1297 1786 1340 S.
1811 1297 1869 1340 M.

281 1364 325 1404 in
346 1365 414 1406 via
444 1365 534 1406 lata
555 1363 662 1405 diac.
689 1362 810 1405 Card.
836 1377 861 1405 a
883 1364 1096 1406 Sabaudia
1117 1379 1261 1417 nunc,
1286 1367 1459 1408 mandat
1489 1369 1569 1410 vic.
1595 1382 1686 1422 gen.
1712 1369 1873 1411 archie-

283 1436 443 1490 piscopi
465 1435 694 1477 Taurinen.
719 1440 767 1476 ut
788 1449 862 1489 pro
884 1436 1005 1477 domo
1026 1438 1256 1479 novitiatus
1277 1437 1317 1479 S.
1338 1438 1371 1479 I.
1397 1438 1628 1492 fundanda,
1651 1440 1872 1482 ecclesiam

283 1508 508 1561 prioratus,
527 1521 629 1548 cura
648 1512 692 1548 et
707 1512 913 1548 conventu
933 1509 1131 1560 carentis,
1150 1508 1192 1551 S.
1214 1510 1385 1550 Antonii
1402 1524 1498 1564 opp.
1522 1510 1663 1552 Cherii
1684 1513 1732 1553 O.
1757 1513 1797 1554 S.
1822 1512 1870 1555 B.

283 1578 511 1621 Taurinen.
546 1579 698 1631 dioec„
721 1592 747 1620 a
783 1579 825 1621 d.
863 1578 1065 1621 Mauritio
1100 1581 1316 1634 resignati,
1340 1582 1545 1624 concedat
1579 1583 1717 1637 quoad
1750 1598 1871 1626 usum

283 1655 550 1704 perpetuum,
573 1664 736 1693 necnon
757 1650 903 1693 domos
924 1652 1158 1705 contiguas,
1182 1667 1276 1694 cum
1308 1666 1434 1695 onere
1469 1653 1574 1696 duas
1608 1655 1757 1697 missas
1791 1656 1875 1697 sin-

285 1722 393 1776 gulis
414 1722 563 1764 diebus
582 1722 787 1764 celebrari
808 1722 1006 1776 faciendi,
1029 1723 1140 1778 quod
1160 1723 1201 1765 d.
1226 1724 1430 1767 ecclesiae
1450 1725 1671 1768 incumbit.

280 1793 320 1829 In
340 1804 423 1827 arce
443 1793 651 1837 Gandulphi
671 1794 852 1828 Albanen.
873 1795 988 1829 dioec.
1008 1795 1095 1830 XVI
1114 1795 1186 1829 kal.
1209 1796 1288 1830 Iun.
1311 1799 1396 1832 1629
1415 1797 1455 1831 Ρ.
1475 1809 1533 1831 an.
1555 1798 1614 1833 VI.

1521 1935 1609 1977 Rey.
1628 1935 1718 1970 bull.
1743 1936 1779 1968 V.
1798 1937 1874 1970 281.

365 2054 435 2098 97.
471 2055 663 2096 Dilectos
680 2034 815 2107 lilios.
840 2077 865 2082 —
900 2050 1063 2093 Urban.
1102 2051 1204 2094 VIII
1239 2053 1419 2095 alumnis
1454 2054 1669 2096 seminarii
1703 2055 1873 2097 Vilnen.

286 2122 340 2164 ad
360 2123 627 2176 septennium
660 2122 904 2164 facultatem
926 2123 1119 2164 concedit
1139 2127 1186 2164 ut
1216 2128 1542 2178 promoveantur
1571 2125 1625 2167 ad
1652 2140 1685 2167 s,
1710 2125 1878 2168 ordines

285 2198 406 2236 extra
441 2199 650 2247 tempora,
673 2194 727 2236 ad
762 2195 828 2236 tit.
869 2194 1117 2236 sufficientis
1151 2195 1434 2248 litteraturae,
1457 2197 1535 2238 etsi
1570 2196 1879 2239 haereticorum

284 2263 378 2316 filii,
402 2279 485 2306 non
505 2270 647 2307 tamen
668 2266 958 2306 ministrorum
981 2265 1096 2307 haer.
1121 2266 1199 2307 filii
1221 2271 1295 2307 aut
1315 2267 1498 2308 ministri
1518 2267 1691 2309 fuerint.

286 2337 322 2370 In
339 2347 422 2371 arce
442 2336 656 2380 Gandulphi
674 2337 858 2372 Albanen.
877 2337 992 2371 dioec.
1014 2337 1095 2371 XVI
1115 2337 1205 2373 Maii
1226 2341 1309 2373 1629
1328 2338 1367 2375 Ρ,
1388 2350 1447 2372 an.
1469 2339 1528 2373 VI.

1522 2476 1611 2520 Κεφ.
1632 2479 1717 2509 bull.
1741 2477 1780 2511 V.
1799 2479 1875 2512 263.

367 2596 440 2639 98.
477 2595 668 2636 Dilectus
689 2595 825 2646 lilios.
846 2616 871 2621 —
892 2590 1054 2632 Urban.
1075 2589 1178 2632 VIII
1199 2590 1381 2632 alumnis
1403 2594 1722 2636 seminariorum
1742 2595 1874 2636 natio-

288 2665 353 2705 nis
389 2663 621 2705 Hiberniae
656 2663 699 2703 in
739 2663 876 2716 regnis
916 2661 1218 2715 Hispaniarum
1257 2663 1310 2703 ad
1344 2664 1573 2706 triennium
1607 2666 1798 2707 concedit
1830 2670 1877 2707 ut

290 2735 451 2789 possint
481 2734 716 2787 promoveri
757 2733 809 2774 ad
844 2747 878 2774 S.
917 2732 1005 2774 ord.
1045 2737 1165 2774 extra
1197 2737 1386 2787 tempora
1421 2739 1463 2776 et
1496 2735 1655 2790 absque
1690 2737 1879 2779 dimisso-

287 2805 480 2848 rialibus.

286 2873 330 2908 R.
353 2883 411 2916 ap.
432 2872 469 2907 S.
491 2872 531 2906 Ρ.
552 2871 641 2907 XXI
660 2870 763 2906 Maii.
785 2873 869 2905 1629
886 2870 927 2904 P.
948 2881 1007 2904 an.
1032 2870 1088 2906 VI.

1522 2999 1609 3044 Περ.
1631 3000 1719 3034 buu.
1748 3000 1783 3035 V.
1803 3002 1879 3036 259.
