1989 3252
241 139 494 202 clentxi.
768 125 772 127 ’
908 180 963 187 -
991 159 1074 199 442
1101 182 1156 189 -
1697 161 1825 205 1712.
1944 0 1989 232 ἒ

240 243 367 284 tionis
388 256 461 284 seu
483 243 721 285 canonizat.
745 257 839 286 ven.
864 245 974 286 servi
990 244 1070 287 Dei
1089 245 1260 287 Ioannis
1280 245 1493 287 Francisci
1521 244 1662 299 Regis,
1685 245 1824 299 presb.

241 312 283 355 S.
302 312 337 354 I.
358 325 485 366 super
501 311 629 354 dubio
646 312 697 354 de
715 313 940 356 virtutibus
958 316 1008 357 15
1025 314 1149 357 Mart.
1172 316 1399 370 proposito.
1418 314 1658 370 Respondet
1678 315 1825 358 affirm.

243 381 285 414 27
302 379 409 413 Mart.
434 379 527 413 1712.

247 489 393 523 Relatio
411 494 579 521 actorum
597 490 720 533 beatis.
740 490 785 524 R.
804 490 834 523 I.
856 490 919 523 Fr.
937 490 1094 533 Romae,
1115 493 1199 526 1717
1216 502 1249 534 p.
1272 493 1324 526 11.

327 599 397 643 72.
437 600 628 642 Credere
647 604 849 641 omnino.
873 622 899 628 -
918 596 1049 640 Olem.
1073 596 1134 639 XI
1169 597 1293 639 Petro
1323 598 1509 640 Rubinet
1528 598 1569 640 S.
1593 598 1628 640 I.
1652 598 1836 652 Philippi

243 669 354 720 regis
388 667 495 721 Hisp
536 667 734 710 catholici
769 667 1023 710 confessario
1058 669 1252 723 querelas
1287 670 1459 723 exponit
1494 668 1546 711 de
1580 669 1727 723 Apost.
1760 683 1835 711 suo

246 739 406 780 Nuntio
428 743 550 780 extra
571 739 687 793 regni
709 738 815 781 fines
838 740 990 792 eiecto,
1015 739 1066 780 de
1088 740 1350 793 regularibus
1380 740 1432 781 ab
1463 740 1705 782 obedientia
1739 753 1838 793 erga

244 810 469 852 Generales
491 811 534 851 in
554 809 670 852 Urbe
693 810 947 863 interdictis,
966 810 1016 852 de
1033 811 1223 864 hispanis
1240 810 1398 852 Urbem
1416 811 1607 853 deserere
1628 811 1767 861 iussis,
1786 810 1837 851 de

245 880 398 922 litteris
443 880 687 934 apostolicis
738 880 944 922 laicorum
995 881 1236 923 officialium
1276 883 1461 923 examini
1510 882 1712 924 subiectis
1751 885 1833 923 etc.

246 966 428 1007 eumque
450 952 695 1005 interpellat
716 957 763 993 ut
783 952 1009 994 ministerii
1031 954 1095 994 sui
1117 967 1288 1005 memor,
1314 967 1408 995 cum
1432 953 1616 995 maxime
1636 967 1742 1007 opus
1762 956 1826 994 est

249 1025 474 1076 monitore,
497 1037 580 1066 non
600 1027 757 1066 taceat.

242 1090 287 1125 R.
307 1100 365 1134 ap.
387 1089 422 1123 S.
442 1090 484 1124 P.
503 1090 537 1126 Π
554 1091 640 1133 Apr.
665 1092 750 1126 1712
767 1089 809 1125 Ρ.
829 1101 890 1124 an.
908 1090 989 1126 XII.

248 1199 362 1234 Clem.
381 1199 443 1235 XI
443 1225 449 1232 .
468 1199 655 1243 epistolae.

330 1310 401 1353 73.
442 1311 598 1352 Delata
619 1323 781 1364 nuper.
805 1332 830 1338 —
852 1306 985 1348 Glem.
1010 1306 1070 1348 XI
1091 1307 1302 1349 Ludovico
1324 1308 1375 1350 de
1397 1308 1596 1350 Andrada
1615 1308 1655 1350 S.
1680 1308 1715 1351 I.
1741 1310 1841 1350 mis-

250 1380 432 1421 sionario
455 1380 499 1420 in
521 1378 654 1419 Indiis
675 1378 839 1430 Oceid.‚
865 1378 918 1419 ad
939 1379 1269 1431 postulationem
1290 1381 1380 1421 eius
1410 1384 1452 1421 et
1480 1379 1663 1433 plurium
1684 1381 1843 1434 episco-

253 1465 400 1505 porum
422 1456 470 1492 ut
485 1450 667 1492 facultas
691 1450 964 1504 dispensandi
989 1452 1031 1491 in
1061 1451 1260 1504 gradibus
1281 1465 1306 1493 a
1326 1453 1418 1493 iure
1447 1452 1587 1493 vetitis
1607 1451 1660 1493 ad
1682 1456 1841 1494 certum

249 1527 415 1575 tempus
437 1523 540 1576 ipsis
562 1522 783 1576 attributa,
808 1522 861 1563 ad
882 1524 1064 1576 primum
1087 1536 1147 1576 gr.
1174 1522 1390 1564 affinitatis
1421 1523 1663 1577 amplietur,
1685 1523 1843 1577 signifi-

250 1599 318 1636 cat
351 1594 605 1636 sententiam
636 1608 777 1647 congr.
803 1593 844 1636 S.
870 1593 1162 1648 Inquisitionis
1192 1594 1474 1637 observandas
1504 1609 1595 1637 esse
1627 1594 1772 1637 literas
1793 1597 1845 1637 30

251 1664 354 1707 Maii
379 1665 500 1718 1700,
524 1666 551 1706 2
571 1668 613 1706 et
633 1667 685 1706 29
708 1665 807 1718 Apr.
834 1679 883 1706 ac
909 1667 956 1706 11
980 1663 1076 1706 Iun.
1104 1665 1225 1707 1701.

250 1731 295 1766 R.
315 1741 374 1774 ap.
394 1731 428 1766 S.
454 1731 495 1764 Ρ.
513 1731 565 1767 IX
585 1731 671 1773 Apr.
696 1732 780 1766 1712
799 1731 840 1765 Ρ.
860 1742 919 1766 an.
940 1731 1020 1767 XII.

252 1840 355 1874 Buce.
376 1841 427 1875 de
441 1852 500 1885 pr.
521 1843 545 1879 f.
566 1840 713 1876 II.·276.

337 1952 406 1995 7¹4.
440 1948 592 2002 Congr.
630 1963 664 1990 s,
689 1950 759 1990 rit.
784 1954 826 1990 et
857 1949 942 1990 ind.
976 1975 1001 1981 —
1021 1949 1171 2003 Congr.
1196 1950 1451 1992 scholarium
1486 1950 1582 1992 coll.
1606 1950 1647 1993 S.
1673 1950 1845 1992 Hieron.

256 2020 297 2062 S.
323 2020 356 2062 Ι.
381 2020 574 2063 Genuen.
601 2020 678 2062 sub
714 2021 783 2062 tit.
807 2020 932 2062 Imm.
956 2020 1082 2062 Conc.
1108 2035 1191 2063 non
1211 2021 1372 2063 habens
1393 2021 1597 2063 sacellum
1617 2023 1848 2076 proprium,

258 2093 375 2146 cupit
395 2094 441 2133 in‘
459 2091 561 2134 eccl.
589 2092 630 2133 d.
658 2092 824 2146 collegii
855 2093 1048 2146 quamvis
1070 2093 1205 2134 altare
1227 2092 1438 2147 quoddam
1458 2093 1517 2134 ibi
1543 2093 1627 2135 iam
1649 2093 1705 2134 sit
1723 2094 1851 2147 privi-

256 2164 475 2217 legiatum,
499 2164 656 2206 habere
693 2164 827 2206 altare
866 2164 1185 2218 privilegiatum
1221 2178 1343 2206 suum
1382 2177 1457 2218 pro
1494 2163 1776 2206 confratribus
1811 2168 1853 2206 et

258 2248 403 2276 eorum
439 2235 703 2288 parentibus.
727 2259 752 2266 —
777 2235 828 2277 In
850 2234 1070 2277 audientia
1104 2234 1173 2277 SS.
1198 2235 1347 2276 annuit
1367 2248 1442 2288 pro
1476 2235 1612 2288 gratia
1640 2235 1685 2276 in
1719 2234 1854 2276 forma

197 2333 201 2335 -
260 2308 477 2346 consueta.

265 2373 304 2405 18
322 2370 409 2413 Apr.
433 2372 530 2405 1712.

1709 2480 1855 2515 Bullae.

351 2590 420 2634 75.
455 2587 495 2630 S.
522 2587 673 2642 Congr.
697 2588 749 2630 de
784 2603 902 2642 prop.
928 2588 1025 2631 fide.
1050 2613 1076 2620 -
1113 2589 1351 2631 Decretum.
1383 2589 1609 2631 Referente
1643 2589 1771 2631 Silvio
1806 2589 1857 2630 de

270 2657 501 2701 Cavaleriis
522 2673 646 2713 secr.‚
671 2660 803 2714 praef.
829 2661 946 2702 miss.
971 2660 1012 2703 S.
1033 2660 1067 2702 Ι.
1092 2661 1136 2702 in
1167 2661 1362 2703 America
1383 2660 1647 2717 meridionali
1668 2659 1723 2701 ad
1742 2659 1859 2702 aliud

272 2731 540 2784 septennium
571 2731 846 2772 confirmatur
882 2731 927 2774 P.
952 2731 1102 2774 Petrus
1135 2730 1350 2774 Combaud
1385 2731 1424 2773 d.
1457 2731 1484 2774 S
1524 2730 1626 2784 (cfr.
1651 2745 1692 2773 n.
1716 2732 1787 2779 28)
1806 2755 1860 2762 —

272 2800 354 2843 Ios.
381 2800 504 2843 Card.
540 2800 812 2856 Sacripantes
832 2802 985 2856 praef„
1010 2801 1051 2845 S.
1076 2802 1127 2844 de
1150 2802 1249 2845 CaV.
1274 2815 1377 2844 secr.

270 2868 313 2900 30
333 2866 420 2899 Maii
442 2869 538 2901 1712.

1459 2978 1548 3022 Rea.
1569 2978 1658 3011 buu.
1687 2976 1766 3011 Vll.
1789 2979 1863 3012 123.
