1989 3252
137 195 279 238 Pauli
299 194 352 239 V.
807 219 862 226 -
889 197 970 238 253
1001 221 1050 226 -
1580 199 1713 243 1609.

219 283 290 326 93.
325 280 376 321 A.
400 280 448 321 Ρ.
471 279 520 322 R.
545 279 603 323 M.
629 286 886 326 pastorales
905 289 1043 338 offlcz‘z'
1060 300 1185 329 cura.
1210 308 1235 314 -
1268 283 1388 325 Paul.
1413 284 1449 324 V
1480 297 1606 338 super
1634 288 1715 326 tes-

137 354 326 391 tamento
347 350 553 392 Bernardi
574 351 687 393 Onza
720 352 818 393 laici
848 353 1022 395 Ianuen.
1046 369 1127 408 quo
1148 368 1173 396 a
1192 354 1320 396 fratre
1339 368 1537 407 germano
1559 354 1715 396 Ioanne

139 420 300 462 Thoma
321 420 501 462 haerede
521 435 596 475 per
615 425 668 464 40
696 437 826 464 annos
847 425 998 465 rectori
1019 425 1165 466 domus
1184 425 1303 478 prob.
1327 425 1369 467 S.
1392 424 1412 466 I
1450 424 1668 466 Ianuensis
1691 438 1717 466 a

140 491 180 532 d.
205 491 415 533 Bernardo
437 492 634 534 fundatae
656 493 876 535 exbursari
897 495 1105 537 debebant
1127 498 1230 537 1500
1253 495 1385 537 librae
1401 510 1512 537 mon.
1537 495 1717 537 Ianuen-

139 563 212 615 sis,
231 575 256 603 a
276 567 436 604 rectore
457 563 760 604 convertendae
781 555 910 605 in'tot
939 565 1058 607 libris
1091 580 1292 620 pagarum
1327 567 1369 609 S.
1393 567 1557 620 Georgii
1587 566 1718 608 donec

140 634 406 686 pervenirent
425 633 479 675 ad
502 635 578 675 100
599 648 655 675 m.
679 633 807 675 libras
842 639 883 676 et
911 640 1011 677 tunc
1040 638 1228 679 investiri
1258 639 1302 679 in
1330 642 1393 679 tot
1421 638 1615 679 censibus
1644 651 1719 679 seu

140 704 372 745 redditibus
392 706 542 746 annuis
559 710 658 759 quot
679 705 935 747 deservirent
950 721 1022 760 pro
1039 708 1159 749 domo
1181 713 1223 750 et
1242 709 1424 758 novitiis.
1443 710 1524 749 nisi
1539 708 1718 749 Ioannes

142 775 324 817 Thomas
345 776 491 817 mallet
511 777 636 817 unica
655 778 745 818 vice
767 777 927 819 solvere
948 781 999 820 30
1020 793 1075 821 m.
1095 779 1240 831 libras,
1257 805 1310 811 -—
1331 794 1460 834 quum
1478 780 1518 822 d.
1538 780 1718 821 Ioannes

139 845 447 887 haereditatem
466 846 597 900 *adire
632 847 863 900 neglexerit
897 854 939 890 et
968 849 1076 891 bona
1105 850 1311 903 quaedam
1333 851 1375 891 in
1406 864 1455 892 ea
1476 855 1645 903 reperta
1665 850 1718 891 ad

138 916 277 969 ipsum
298 916 581 958 haereditario
616 918 707 959 iure
728 924 917 971 spectare
952 920 1197 972 praetendat
1217 945 1271 951 —
1290 921 1510 962 confirmat
1530 926 1718 962 transac-

136 987 308 1035 tionem,
332 988 627 1030 commutando
648 991 860 1031 testatoris
881 991 1152 1043 voluntatem,
1176 991 1259 1033 vdl.
1279 993 1446 1034 unicam
1467 992 1717 1033 solutionem

138 1059 191 1099 22
211 1071 267 1099 m.
289 1057 385 1101 libr.
408 1083 462 1089 —-
482 1059 690 1113 Archiepo
712 1060 887 1115 Ianuen‚
912 1061 1002 1115 Epo
1033 1062 1236 1103 Savonen.
1261 1063 1348 1103 sive
1378 1076 1522 1103 eorum
1551 1063 1718 1104 vicariis

139 1128 402 1180 generalibus
423 1135 464 1170 et
484 1143 572 1172 cur.
596 1144 709 1172 caus.
734 1145 839 1173 cam.
864 1137 996 1185 apost.
1021 1147 1114 1185 gen.
1139 1133 1236 1175 aud.
1262 1147 1376 1175 exec.
1404 1134 1642 1174 committit.

140 1194 181 1228 R.
202 1205 261 1237 ap.
281 1194 318 1229 S.
338 1195 379 1229 P.
399 1196 415 1231 Ι
434 1196 517 1230 Dec.
541 1199 623 1232 1609
641 1197 681 1231 P.
701 1208 760 1231 an.
780 1198 822 1231 V.

1301 1308 1388 1351 Ray.
1410 1307 1495 1341 bull.
1515 1307 1582 1343 IV.
1604 1311 1663 1343 124
1682 1309 1716 1342 b.

223 1425 295 1468 94.
329 1422 380 1464 A.
420 1423 465 1463 P.
504 1421 553 1463 R.
584 1421 642 1463 M.
673 1429 798 1467 Inter
818 1428 1258 1481 czar-asmultiplz'ces.
1283 1450 1308 1456 -
1329 1425 1446 1466 Paul.
1476 1425 1528 1478 V,
1551 1430 1719 1479 petente

142 1490 176 1532 F
179 1492 421 1546 erdinando,
435 1493 657 1535 archiduce
668 1494 880 1546 Austriae,
894 1496 964 1549 qui
980 1496 1212 1537 Graecense
1230 1496 1450 1549 collegium
1469 1497 1508 1539 S.
1529 1497 1563 1538 Ι.
1584 1498 1719 1550 perfe-

138 1564 197 1605 cit
217 1598 226 1616 ‚
264 1566 533 1607 seminarium
569 1566 834 1608 alumnorum
867 1567 1176 1620 pontificiorum
1211 1582 1235 1610 a
1270 1568 1391 1621 Greg.
1431 1568 1535 1610 XIII
1583 1570 1626 1610 in
1675 1570 1716 1611 d.

143 1635 295 1690 oppido
317 1636 477 1678 dotavit
497 1642 539 1678 et
572 1637 779 1690 quoddam
815 1640 1085 1680 seminarium
1106 1653 1178 1680 seu
1200 1639 1368 1681 domum
1390 1654 1463 1692 pro
1485 1654 1716 1693 pauperum

140 1708 393 1751 scholarium
416 1709 487 1762 qui
506 1708 768 1750 ferdinandei
791 1715 1133 1763 nuncuparentur
1152 1712 1195 1751 in
1216 1710 1256 1752 d.
1281 1711 1456 1763 collegio
1479 1712 1717 1764 receptione

139 1780 290 1830 erexit,
314 1778 502 1820 concedit
537 1784 583 1820 ut
616 1779 661 1820 hi
696 1780 871 1832 alumni,
894 1781 991 1823 licet
1021 1783 1191 1823 titulum
1218 1783 1413 1824 beneficii
1443 1783 1717 1824 ecclesiastici

138 1865 221 1892 non
243 1850 427 1892 habeant
443 1856 484 1891 et
500 1850 711 1892 Ordinarii
728 1853 770 1892 in
787 1853 1059 1894 concedendis
1075 1854 1226 1895 litteris
1243 1854 1591 1896 dimissorialibus
1613 1855 1716 1896 diffi-

139 1922 240 1964 ciles
271 1922 468 1974 existant,
492 1923 653 1975 possint
688 1925 921 1976 promoveri
956 1929 1076 1966 extra
1109 1930 1315 1978 tempora,
1340 1926 1428 1966 sine
1459 1926 1714 1977 interstitiis,

140 1991 299 2045 absque
319 1991 441 2032 titulo
463 1996 504 2032 et
523 1991 886 2044 dimissorialibus,
911 1994 946 2033 si
971 1995 1211 2035 testimonio
1232 1995 1407 2036 rectoris
1427 1999 1468 2035 et
1490 1995 1716 2047 superioris

139 2062 178 2104 d.
204 2063 416 2104 seminarii
438 2062 796 2105 commendentur.

141 2128 184 2163 R.
204 2139 260 2172 ap.
281 2128 317 2162 S.
337 2128 434 2163 Petr.
453 2128 521 2171 I('.2)
541 2129 622 2162 Dec.
649 2132 728 2164 1609
747 2129 786 2163 P.
806 2141 863 2164 an.
886 2130 926 2164 V.

1338 2239 1426 2281 Req.
1445 2238 1534 2273 hall.
1554 2240 1620 2275 IV.
1639 2243 1715 2275 234.

223 2358 296 2402 95.
330 2362 383 2398 ln
403 2358 506 2400 sede
519 2364 752 2413 principis
772 2360 1095 2413 apostolorum.
1121 2382 1146 2388 -
1166 2357 1285 2398 Paul.
1310 2357 1346 2398 V
1366 2358 1543 2400 honores
1570 2358 1716 2400 beato-

141 2441 234 2468 rum
256 2427 442 2469 decernit
462 2427 624 2480 Ignatio
646 2428 696 2468 de
728 2428 887 2481 Loyola
908 2434 950 2469 et
978 2429 1057 2470 fac.
1082 2429 1288 2470 recitandi
1319 2428 1388 2471 off.
1414 2435 1455 2471 et
1476 2430 1715 2472 celebrandi

141 2498 312 2538 missam
335 2496 384 2537 de
407 2497 516 2538 conf.
539 2511 620 2538 non
641 2497 838 2550 pontifice
859 2499 1064 2540 concedit.

141 2563 184 2597 R.
203 2574 260 2606 ap.
281 2563 316 2596 S.
338 2563 546 2598 P.111Dec.
569 2566 654 2598 1609
672 2564 712 2598 P.
733 2576 790 2597 an.
812 2564 854 2598 V.

140 2669 234 2702 Acta
249 2669 309 2704 SS.
329 2670 404 2703 Iul.
433 2670 511 2705 VH.
526 2681 565 2714 p.
584 2673 658 2706 609.
1456 2674 1608 2709 Elench.
1628 2674 1715 2708 bull.

227 2790 301 2833 96.
334 2789 383 2829 A.
422 2787 467 2830 F.
493 2788 543 2829 R.
566 2787 623 2830 M.
650 2797 721 2833 Er*
741 2792 885 2833 debito
903 2795 1075 2846 pastor.
1098 2795 1249 2844 officii.
1281 2816 1306 2822 -
1340 2791 1459 2833 Paul.
1496 2791 1534 2832 V
1568 2790 1716 2833 confir-

142 2862 231 2900 mat
247 2859 511 2900 concordiam
527 2860 675 2901 initam
692 2861 802 2901 inter
816 2866 916 2902 rect.
939 2865 983 2902 et
1003 2861 1241 2914 collegiales
1261 2861 1355 2903 coll.
1375 2861 1415 2904 S.
1439 2862 1473 2904 I.
1499 2862 1712 2904 Cusentin.

142 2932 186 2970 et
218 2929 475 2971 abbatissam
509 2944 581 2972 seu
616 2931 859 2984 priorissam
894 2935 936 2972 et
969 2936 1216 2973 conventum
1248 2932 1289 2974 S.
1312 2933 1476 2984 Clarae,
1499 2946 1625 2986 super
1643 2933 1717 2974 lite

143 3012 282 3040 coram
304 2999 524 3042 Ordinario
545 3002 608 3042 uti
627 3001 764 3043 iudice
785 3015 860 3056 per
880 3001 1115 3043 cardinales
1137 3016 1262 3056 super
1281 3003 1457 3056 negotiis
1472 3002 1659 3057 Eporum
1675 3007 1718 3044 et
