1989 3252
226 215 369 260 Clem.
389 213 528 257 XIII.
886 238 941 245 —
969 214 1052 254 494
1080 238 1135 245 —
1687 218 1816 264 1765.

313 302 385 346 58.
421 308 666 358 Eoecepz‘sse
685 308 737 347 ce.
775 326 801 334 -
830 302 960 344 Clem.
1000 301 1105 343 XIII
1140 301 1397 357 (Francisco)
1433 306 1510 356 epo
1547 302 1813 357 Urgellitano

229 371 490 425 significanti
524 373 583 425 pii
616 371 657 414 S.
681 373 716 414 I.
753 373 943 415 Instituti
979 374 1297 415 confirmatione
1333 374 1566 427 apostolica
1589 375 1813 417 malevolo-

226 457 320 484 rum
341 444 559 485 hominum
582 444 920 486 maledicentiam
942 445 1132 486 nonnihil
1148 459 1382 499 repressam
1398 459 1489 487 esse
1504 446 1755 499 gratulatur,
1774 451 1816 488 et

227 515 383 568 gaudet
403 515 457 556 ad
478 519 653 568 eporum
674 516 977 569 gallicanorum
998 515 1049 557 de
1070 516 1112 558 S.
1136 515 1171 557 I.
1197 517 1450 558 sententiam
1470 518 1696 558 accessisse
1716 521 1814 570 epo-

227 599 318 626 rum
341 586 613 639 hispanorum
629 587 833 628 iudicium
853 601 1031 642 quorum
1062 588 1252 642 plerique
1287 587 1327 630 d.
1361 588 1713 630 Constitutionem
1734 588 1814 630 sibi

228 661 326 698 sunt
340 657 555 710 gratulati.

229 723 270 757 R.
291 735 350 766 ap.
373 723 409 758 S.
431 725 478 759 M.
498 724 547 760 M.
568 725 651 761 VIII
667 725 746 761 Iun.
770 727 854 761 1765
872 725 913 761 P.
931 735 991 760 an.
1013 725 1091 761 VII.

226 833 283 867 De
301 834 500 877 Raviynan
517 845 575 876 op.
595 838 655 870 cit.
677 846 709 877 p.
731 837 806 870 319.

306 956 378 999 59.
413 960 678 999 Societatem
701 961 815 999 Iesu.
840 980 865 985 -
889 954 1020 996 Clem.
1045 954 1148 996 XIII
1165 954 1387 997 Francisco
1407 959 1485 1009 epo
1509 955 1728 998 Teruelen.
1761 957 1814 998 de

224 1026 519 1067 commendata
538 1030 637 1067 ante
658 1028 682 1067 5
714 1039 845 1068 annos
879 1030 922 1067 et
943 1040 1053 1067 nunc
1073 1027 1374 1068 constitutione
1396 1031 1706 1085 Apostolicum
1728 1028 1815 1068 vin-

224 1097 363 1138 dicata
385 1096 425 1138 S.
451 1096 486 1138 I.
510 1098 667 1150 gratias
688 1098 847 1151 agenti,
871 1099 1141 1140 commendat
1160 1099 1359 1153 impigros
1379 1100 1422 1141 in
1439 1099 1670 1142 excolenda
1689 1100 1811 1142 vinea

225 1167 395 1209 Domini
416 1169 631 1221 operarios
654 1169 695 1210 S.
721 1169 756 1210 I.

223 1235 264 1269 R.
285 1246 344 1277 ap.
364 1235 400 1268 S.
423 1235 470 1269 M.
493 1235 539 1268 M.
561 1236 643 1272 VIII
659 1237 738 1271 Iun.
760 1238 845 1271 1765
863 1237 903 1271 Ρ.
923 1247 981 1270 an.
1002 1237 1079 1272 VII.

225 1345 274 1378 De
290 1346 487 1388 Raviynan
505 1357 562 1387 op.
581 1347 643 1381 cit.
662 1357 695 1389 p.
715 1348 791 1381 320.

304 1468 379 1510 60.
417 1472 561 1511 Quam
580 1472 721 1521 gyrata
739 1470 972 1511 (ceciderit.
998 1492 1023 1498 -—
1043 1466 1176 1509 Clem.
1200 1466 1305 1509 XIII
1342 1467 1575 1521 Augustino
1597 1471 1676 1521 epo
1705 1467 1810 1509 Ove-

222 1541 319 1578 tano
342 1537 394 1578 de
414 1538 715 1579 constitutione
738 1546 770 1581 Α
779 1542 1049 1595 postola’cum
1066 1539 1267 1592 gaudenti
1286 1543 1330 1581 et
1349 1539 1392 1582 S.
1416 1539 1451 1581 I.
1471 1539 1647 1581 clericos
1668 1540 1711 1580 in
1732 1552 1808 1581 sua

221 1608 401 1650 dioecesi
424 1614 593 1650 strenue
629 1623 805 1650 munera
840 1610 1114 1663 praestabilia
1144 1610 1349 1652 obeuntes
1380 1611 1641 1664 praedicanti
1670 1615 1813 1652 censet

224 1693 305 1719 non
327 1693 418 1720 esse
441 1693 515 1720 cur
536 1679 575 1721 S.
602 1680 635 1721 I.
661 1682 993 1723 commendetur.

220 1745 263 1779 R.
284 1750 342 1786 ap.
364 1746 398 1779 S.
423 1746 468 1779 M.
493 1746 540 1778 M.
561 1747 644 1782 VIII
662 1748 739 1782 Iun.
763 1747 804 1781 P.
824 1759 868 1780 an
893 1747 966 1783 VII.

225 1857 274 1889 De
297 1857 496 1900 Ravz'ynan
513 1869 570 1901 op.
589 1860 649 1891 cit.
672 1869 704 1899 p.
725 1859 800 1892 321.

304 1967 376 2010 61.
412 1968 586 2010 Scribis
609 1971 993 2011 Constitzttz'onem.
1020 1990 1045 1996 -
1065 1965 1196 2007 Clem.
1224 1964 1329 2007 XIII
1350 1965 1527 2020 Gaspari
1546 1969 1625 2020 epo
1645 1966 1812 2021 Pampi-

221 2036 381 2086 lonen.,
405 2051 479 2090 pro
501 2037 751 2078 confirmato
772 2037 840 2090 pio
864 2037 905 2078 S.
931 2036 966 2077 I.
991 2036 1190 2079 Instituto
1212 2037 1458 2091 gratulanti,
1481 2037 1627 2080 laudat
1645 2039 1810 2092 patien-

218 2109 321 2149 tiam
359 2122 443 2162 qua
477 2109 660 2161 religiosi
695 2108 734 2150 d.
775 2108 815 2150 S.
841 2122 1013 2150 suorum
1048 2122 1122 2150 seu
1153 2109 1294 2162 potius
1325 2109 1366 2150 S.
1392 2108 1511 2151 Sedis
1545 2109 1809 2151 inimicorum

221 2179 498 2221 contumelias
520 2179 721 2221 tulerunt.

221 2246 261 2280 R.
283 2257 339 2289 ap.
358 2248 392 2280 S.
415 2247 463 2282 M.
484 2247 532 2281 M.
553 2247 587 2281 X
607 2246 675 2282 Iul.
697 2249 781 2282 1765
800 2247 840 2282 P.
860 2257 918 2281 an.
943 2247 1033 2283 VIII.

220 2355 320 2390 Ball.
339 2357 446 2391 Rom.

303 2466 375 2509 62.
413 2470 530 2511 Quos
553 2469 831 2508 Institutum.
871 2490 896 2495 —
932 2464 1064 2507 Clem.
1103 2464 1208 2506 XIII
1245 2466 1430 2508 Antonio
1452 2470 1530 2519 epo
1565 2466 1739 2508 Oscensi
1760 2467 1810 2508 de

219 2534 464 2577 confirmato
486 2535 686 2577 Instituto
717 2535 759 2578 S.
783 2535 818 2578 I.
842 2537 998 2590 gratias
1034 2538 1176 2589 agenti
1197 2550 1557 2591 supervacaneum
1579 2538 1696 2579 ducit
1717 2537 1810 2579 illos

219 2607 433 2659 regulares
453 2607 764 2650 commendare.
786 2637 788 2639 -

218 2672 261 2707 R.
281 2684 340 2716 ap.
361 2673 396 2707 S.
417 2673 466 2708 M.
488 2674 535 2708 M.
558 2674 589 2708 X
607 2674 675 2710 Iul.
696 2676 781 2709 1765
800 2674 840 2709 Ρ.
861 2685 919 2709 an.
940 2675 1034 2711 VIII.

217 2783 317 2818 Bau.
336 2784 426 2819 Rom
434 2811 442 2818 .

301 2893 373 2937 63.
411 2895 627 2937 Heddz'tae
648 2898 754 2936 sunt
775 2894 919 2936 nobis.
943 2917 968 2922 -
989 2890 1120 2933 Clem.
1147 2891 1251 2933 XIII
1286 2891 1446 2934 Isidoro
1481 2895 1560 2945 epo
1588 2891 1807 2934 Zamoren.

224 2963 339 3015 pium
387 2962 427 3005 S.
460 2962 494 3004 I.
541 2963 789 3005 Institutum
839 2962 1134 3004 confirmatum
1183 2963 1375 3005 laudanti
1424 2967 1465 3004 et
1513 2964 1809 3016 gravissimum

228 3034 279 3076 de
315 3034 577 3095 regularibus
615 3035 655 3076 d.
693 3035 735 3077 S.
774 3035 1061 3085 testimonium
1098 3035 1308 3087 reddenti,
1340 3034 1550 3088 significat
1584 3047 1810 3089 congruere
