1989 3252
125 218 268 263 Clcm.
287 215 425 261 XIII.
781 237 832 243 —
861 214 938 253 491
971 237 1025 243 -
1570 210 1700 254 1764.

205 305 279 348 43.
315 304 440 349 Quod
458 304 725 358 complures,
751 325 776 330 -
796 299 925 340 Clem.
950 298 1054 340 XIII
1082 298 1309 340 Henricum
1337 296 1699 349 archiepiscopum

125 373 334 414 Turonen.
359 370 569 412 dolentem
604 375 761 412 statum
796 370 899 411 eccl.
922 369 1169 422 gallicanae,
1193 368 1233 410 S.
1258 367 1293 409 I.
1317 367 1406 408 fere
1441 365 1621 407 deletam
1657 369 1700 407 et

126 443 178 484 ab
200 456 249 484 ea
270 442 323 483 ad
352 442 600 493 Ecclesiam,
624 442 659 481 si
694 439 787 481 fieri
821 444 974 492 posset,
997 438 1321 480 exscindendam
1355 437 1694 478 iansenianorum

125 513 362 566 auspicatos
382 525 471 554 esse
491 512 668 562 furores,
687 517 807 563 urget
827 524 879 551 ne
900 511 1218 551 instructionem
1236 522 1361 563 quam
1382 521 1432 549 ea
1448 507 1498 548 de
1519 520 1563 548 re
1581 520 1701 560 para-

124 587 212 625 tam
233 582 358 624 habet
378 582 536 622 diutius
557 581 786 623 desiderari
808 582 1006 634 patiatur.

124 649 170 684 R.
189 659 247 691 ap.
268 648 303 683 S.
323 648 373 682 M.
392 649 442 683 M.
463 647 546 683 XIV
565 647 654 682 NOV.
676 650 758 682 1764
779 647 818 681 Ρ.
839 658 896 681 an.
917 646 994 682 VII.

125 755 226 790 Ball.
246 756 350 791 Rom.

207 866 279 908 44,
313 870 375 906 De
394 869 818 906 aermnnose'ssc'mo.
842 885 866 891 -
904 861 1035 902 Clem.
1061 860 1164 902 XIII
1200 860 1380 900 Henrico
1415 859 1590 900 Gastoni
1625 862 1702 911 epo

126 934 400 987 Apamiarum
436 933 709 986 conquerenti
744 932 793 973 de
822 932 931 973 laica
962 936 1170 985 potestate
1206 931 1448 972 auctoritati
1485 929 1702 970 Ecclesiae

125 1004 294 1056 infesta,
317 1003 367 1045 de
388 1003 430 1045 S.
454 1003 507 1055 L,
531 1004 648 1044 cuius
684 1002 929 1044 Institutum
966 1003 1019 1043 ab
1055 1002 1168 1043 Eccl.
1194 1002 1385 1043 habitum
1421 1005 1484 1041 est
1503 1006 1549 1040 ut
1568 1001 1700 1052 pium,

126 1075 250 1116 isthic
271 1076 495 1126 exstincta,
520 1074 569 1115 de
600 1074 940 1114 iansenianorum
962 1079 1089 1125 secta,
1113 1072 1322 1125 significat
1347 1072 1585 1113 consultum
1616 1070 1703 1110 fore

126 1147 161 1187 si
195 1145 452 1187 adhaesisset
485 1145 734 1186 novissimae
770 1144 1041 1185 Instructioni
1075 1144 1362 1196 Christophori
1398 1141 1701 1194 archiepiscopi

128 1217 332 1258 Parisien.

127 1282 170 1317 R.
189 1293 248 1325 ap.
268 1282 304 1317 S.
325 1282 375 1318 M.
394 1282 445 1317 M.
466 1282 534 1318 XII
553 1282 635 1317 Dec.
661 1284 742 1316 1764
761 1281 800 1316 P.
821 1292 880 1316 an.
903 1281 977 1316 VII.

129 1389 230 1425 Bull.
250 1390 354 1424 Rom.

210 1512 282 1555 45.
316 1516 374 1553 De
396 1516 562 1552 misero
582 1511 732 1563 {jallia
757 1511 980 1550 evaei-me.
1006 1532 1030 1536 -
1052 1506 1183 1547 Clem.
1210 1505 1314 1546 XIII
1343 1505 1474 1546 Henr.
1509 1505 1594 1546 Iac.
1626 1508 1704 1557 epo

129 1580 373 1631 Sarlatensi,
399 1579 450 1620 de
484 1579 825 1620 iansenianorum
855 1577 1026 1631 flagitiis
1056 1578 1172 1618 adse
1208 1577 1347 1630 plures
1382 1576 1577 1631 epistolas
1609 1577 1707 1617 scri-

129 1651 243 1693 benti
272 1649 555 1704 respondens,
597 1650 939 1690 constitutionem
984 1653 1254 1703 (fulgenatus
1295 1648 1574 1700 dogmaticum
1614 1660 1705 1688 esse

131 1721 343 1763 decretum
359 1722 512 1762 iterato
529 1721 694 1772 asserit,
713 1720 763 1760 de
779 1720 819 1761 S.
834 1719 866 1760 Ι.
883 1724 968 1760 toto
986 1720 1070 1760 fere
1087 1718 1322 1760 Galliarum
1339 1732 1466 1770 regno
1483 1719 1707 1768 exstincta,

129 1806 238 1846 quae
276 1792 391 1834 velut
429 1792 735 1832 munimentum
777 1804 919 1832 eorum
960 1789 1178 1831 conatibus
1218 1790 1410 1843 opposita
1450 1794 1555 1840 erat,
1597 1788 1710 1830 dolet

131 1866 387 1919 librumque
408 1867 715 1907 assertionum
739 1861 926 1903 damnat.

130 1929 174 1964 R.
194 1939 252 1971 ap.
274 1928 309 1963 S.
330 1928 378 1963 M.
398 1929 447 1963 M.
468 1928 552 1963 XIV
572 1927 655 1962 Dec.
680 1929 759 1962 1764
781 1927 819 1962 Ρ.
840 1938 898 1962 an.
919 1927 995 1962 VII.

134 2037 236 2071 Ball.
255 2037 361 2071 Rom.

214 2157 286 2199 46.
320 2154 370 2194 A.
402 2154 446 2195 P.
481 2153 531 2194 R.
566 2153 622 2194 M.
650 2158 974 2210 Apostolicum.
999 2179 1023 2184 -
1043 2155 1172 2195 Clem.
1199 2153 1303 2194 XIII
1325 2154 1568 2195 Institutum
1591 2154 1631 2194 S.
1661 2153 1707 2202 [.,

132 2225 174 2265 in
205 2224 452 2266 Tridentina
476 2224 633 2277 synodo
669 2229 711 2265 et
746 2238 769 2265 a
800 2224 888 2265 RR.
913 2224 993 2265 ΡΡ.
1018 2224 1315 2278 approbatum,
1348 2224 1400 2264 ab
1438 2225 1642 2277 episcopis
1663 2238 1714 2266 ex

132 2295 325 2337 omnibus
355 2286 597 2348 regionibus*
622 2295 841 2337 catholicis
863 2295 1216 2347 commendatum,
1240 2299 1386 2336 contra
1407 2294 1710 2335 malevolorum

133 2366 364 2408 calumnias
383 2370 542 2418 tuetur,
565 2366 782 2420 speciatim
804 2371 915 2417 vota,
938 2367 1235 2407 exercitiorum
1256 2366 1358 2418 spir.
1380 2379 1519 2417 usum,
1542 2379 1711 2418 congre-

132 2437 318 2490 gationes
338 2436 385 2478 B.
410 2436 468 2479 M.
495 2436 545 2478 V.
569 2436 730 2488 laudat,
756 2441 798 2478 et
818 2451 960 2478 omnes
990 2450 1064 2490 pro
1091 2437 1130 2478 S.
1159 2436 1192 2477 I.
1224 2436 1358 2477 editas
1393 2437 1713 2478 constitutiones

136 2507 501 2561 praedecessorum
522 2521 707 2559 suorum,
731 2507 1062 2549 confirmationis
1084 2521 1183 2548 suae
1205 2507 1352 2548 robore
1374 2507 1554 2548 munitas
1575 2507 1676 2548 vult.

135 2574 180 2608 R.
199 2584 258 2617 ap.
279 2573 314 2608 S.
337 2575 384 2608 M.
404 2574 451 2608 M.
471 2573 535 2608 VII
554 2573 602 2608 id.
624 2575 698 2607 Ian.
720 2576 803 2608 1764
822 2574 862 2607 P.
883 2584 941 2607 an.
961 2573 1038 2608 VII.

137 2681 237 2716 Ball.
256 2682 362 2716 Rom.
382 2700 423 2705 —
441 2681 534 2715 Νου.
554 2681 642 2715 hall.
660 2682 694 2715 S.
715 2682 743 2715 Ι.
764 2684 838 2716 309.

219 2801 293 2844 47.
325 2799 452 2852 Cong.
476 2813 559 2840 sac.
584 2799 653 2840 rit.
677 2805 718 2840 et
739 2799 825 2841 ind.
850 2825 875 2830 -
895 2800 1069 2841 Patritio
1102 2799 1277 2852 Agabito
1308 2799 1349 2841 S.
1383 2800 1418 2841 Ι.
1452 2801 1712 2841 missionario

138 2874 322 2922 petente,
359 2869 429 2911 SS.
467 2869 518 2911 D.
555 2869 608 2911 N.
645 2869 838 2911 omnibus
878 2869 1070 2911 fidelibus
1106 2871 1178 2923 qui
1212 2871 1425 2911 exercitiis
1459 2870 1511 2911 ab
1549 2875 1713 2912 oratore

140 2939 288 2982 dandis
307 2954 383 2994 per
411 2942 436 2982 8
457 2940 545 2981 dies
574 2940 841 2981 interfuerint
870 2945 912 2982 et
945 2941 1008 2982 bis
1038 2940 1156 2982 denis
1185 2940 1406 2982 dominicis
1443 2940 1714 2995 sequentibus

141 3011 183 3056 in
204 3010 303 3054 hon.
326 3011 374 3052 B.
398 3011 455 3052 M.
474 3010 525 3053 V.
549 3011 877 3063 communicant,
895 3011 980 3053 ind.
1006 3012 1118 3065 plen.
1137 3012 1182 3053 in
1201 3011 1351 3053 ultima
1371 3011 1481 3053 dom.
1506 3017 1547 3053 et
1567 3012 1592 3052 7
1613 3025 1710 3055 ann.
