1989 3252
238 163 416 207 Urban.
440 162 571 206 VIII.
920 186 971 193 -
1001 165 1081 204 330
1113 188 1162 193 —
1700 170 1828 214 1629.

324 251 428 295 103.
462 248 503 290 S.
527 248 676 303 Congr.
702 249 782 291 Off.
815 276 841 282 -
876 250 1004 293 Lecto
1039 253 1274 294 memoriali
1298 253 1365 306 (Li
1401 253 1561 295 alumni
1596 253 1638 294 di
1662 254 1834 300 ,diverse

239 320 362 361 borse
384 319 462 361 che
481 321 632 362 vivano
653 321 721 362 nel
744 321 977 364 Seminario
998 323 1215 376 pontificio
1237 323 1278 364 di
1309 324 1446 376 Praga
1478 325 1653 366 insieme
1690 338 1767 366 con
1802 326 1833 367 li

241 390 401 431 alumni
423 389 536 432 della
557 390 630 432 Sta
650 390 810 445 Vra...)
834 391 904 434 SS.
929 393 979 434 D.
1006 393 1059 434 N.
1084 393 1164 436 ΡΡ.
1189 394 1446 448 dispensavit
1468 409 1564 436 cum
1585 395 1625 436 d.
1653 395 1834 438 alumnis

241 464 342 514 (non
363 461 610 514 pontificiis)
632 466 677 502 ut
697 462 751 504 ad
772 476 911 505 sacros
936 464 1102 505 ordines
1123 466 1360 518 promoveri
1380 466 1543 518 possint
1576 466 1630 506 ad
1662 466 1833 508 titulum

241 545 412 573 mensae
432 531 471 573 d.
498 545 586 573 sem
627 537 669 574 et
690 547 786 575 cum
808 535 899 576 sola
920 534 1003 577 fide
1023 537 1213 577 rectoris.
1236 561 1261 568 -
1284 536 1372 578 Att.
1397 536 1459 578 Io.
1491 537 1538 578 B.
1568 536 1832 591 Thomasius,

241 603 339 645 Not.

240 675 280 710 F.
301 676 332 710 v
350 676 383 709 d.
405 675 515 711 xxx
532 678 624 720 Aug.
648 680 746 713 1629.

1418 790 1508 831 Req.
1528 790 1620 824 bun.
1648 791 1684 824 V.
1703 793 1779 825 263.
1801 791 1835 824 b.

324 898 428 940 104.
464 901 698 938 Romanus
723 898 941 950 Pontifex
977 920 1003 926 -
1041 895 1200 937 Urban.
1235 895 1354 949 VIII,
1378 897 1620 950 petentibus
1655 903 1758 941 rect.
1795 904 1838 941 et

243 964 450 1018 collegial.
489 965 587 1006 coll.
628 965 668 1007 S.
707 965 741 1007 Ι.
780 966 824 1006 in
860 967 939 1006 civ.
963 965 1168 1009 viennen.
1195 969 1237 1008 in
1260 967 1517 1022 Delphinatu
1539 970 1683 1021 erecti,
1707 984 1837 1023 quum

243 1036 345 1078 licet
379 1037 420 1078 d.
459 1036 554 1078 coll.
595 1036 748 1078 abhinc
783 1036 948 1091 aliquot
985 1039 1106 1079 annis
1141 1052 1166 1079 a
1202 1038 1242 1080 d.
1281 1040 1453 1081 civitate
1489 1053 1514 1080 a
1554 1040 1837 1082 fundamentis

242 1112 486 1149 extructum
522 1113 565 1149 et
599 1112 714 1149 certa
749 1109 894 1162 pensio
930 1122 1072 1150 annua
1106 1124 1231 1164 super
1265 1111 1366 1152 salis
1402 1115 1444 1152 et
1482 1111 1660 1153 aliarum
1699 1126 1838 1154 rerum

243 1180 522 1233 vectigalibus
545 1180 761 1233 assignata
782 1180 927 1233 fuerit,
951 1182 1101 1222 civitas
1132 1183 1201 1223 vix
1232 1182 1271 1223 d.
1297 1183 1539 1236 pensionem
1569 1184 1840 1237 suppeditare

242 1251 377 1305 possit
399 1256 442 1292 et
461 1253 755 1305 querimoniae
777 1251 914 1305 plebis
935 1253 1139 1306 oriantur,
1162 1253 1338 1295 mandat
1366 1253 1535 1295 officiali
1564 1253 1771 1296 Viennen.
1796 1260 1843 1297 ut

244 1335 340 1362 cum
374 1321 412 1363 d.
450 1322 548 1364 coll.
588 1323 707 1364 uniat
747 1324 980 1376 prioratum
1015 1324 1063 1366 B.
1104 1324 1161 1365 M.
1186 1324 1238 1366 de
1272 1325 1410 1367 insula
1444 1339 1556 1367 nunc
1593 1324 1641 1367 O.
1667 1325 1709 1368 S.
1732 1325 1841 1367 Ruffi

244 1393 323 1434 sub
353 1407 438 1446 reg.
464 1394 491 1435 S
532 1394 638 1448 Aug.
667 1408 762 1435 can.
798 1408 883 1448 reg.
908 1409 1038 1448 prope
1069 1397 1279 1438 civitatem
1312 1411 1337 1438 a
1366 1397 1521 1438 Ioanne
1551 1397 1636 1439 Iac.
1662 1396 1840 1451 Clerico,

250 1477 323 1517 per
344 1477 460 1516 proc.
484 1464 686 1506 Ioannem
709 1464 941 1506 Marchant
960 1466 1059 1507 cler.
1080 1466 1297 1509 Pictavien
1332 1469 1603 1521 resignatum,
1621 1482 1647 1509 a
1661 1472 1838 1510 monast.

247 1534 289 1576 S.
313 1535 423 1576 Ruffi
445 1535 711 1577 Valentinen.
741 1536 872 1577 dioec.
898 1536 1205 1590 dependentem
1222 1539 1289 1592 (fr.
1316 1541 1370 1580 24
1386 1539 1517 1593 duc),
1537 1553 1588 1581 ea
1602 1540 1840 1581 conditione

247 1610 294 1646 ut
314 1620 388 1659 pro
418 1607 458 1648 d.
484 1612 664 1648 monast.
691 1607 830 1649 diruto
863 1608 976 1648 intra
1010 1609 1223 1650 civitatem
1259 1610 1565 1652 reaedificando
1601 1612 1708 1651 6100
1742 1610 1836 1652 libr.

247 1681 442 1719 monetae
473 1677 687 1719 francicae
718 1677 934 1719 solvantur
956 1692 981 1719 a
1001 1678 1042 1720 d.
1066 1679 1147 1720 coll
1187 1694 1336 1734 nempe
1356 1680 1502 1722 abbati
1523 1683 1645 1733 3600,
1670 1681 1841 1734 syndico

248 1749 496 1790 monasterii
517 1751 641 1802 2400,
665 1750 899 1791 sacristano
917 1755 961 1791 et
981 1752 1214 1792 camerario
1237 1753 1330 1793 100.

247 1820 292 1854 R.
311 1830 369 1864 ap.
391 1820 426 1855 S.
447 1821 496 1856 M.
516 1821 564 1854 M.
586 1832 638 1863 pr.
663 1832 747 1855 non.
770 1821 867 1865 Sept.
890 1825 975 1857 1629
995 1823 1032 1857 Ρ.
1051 1833 1110 1857 an.
1133 1823 1210 1858 VH.

1484 1934 1573 1977 Req.
1593 1934 1685 1969 buli.
1711 1935 1749 1969 V.
1769 1936 1843 1969 341.

333 2042 435 2085 105.
472 2041 520 2081 Α.
554 2039 601 2081 F.
641 2039 692 2082 R.
731 2017 1275 2085 MsAm‘nzammzsacnti.
1299 2040 1504 2082 -Urban
1546 2041 1664 2094 VIII,
1687 2041 1846 2095 suppli-

257 2118 381 2154 cante
416 2112 551 2154 Mutio
588 2111 836 2154 Vitelleschi
859 2113 900 2154 S.
925 2113 959 2154 I.
984 2113 1133 2167 Praep.
1159 2113 1283 2166 Gen.,
1307 2127 1380 2167 pro
1416 2113 1572 2155 Oceani
1606 2112 1739 2155 Indiis
1773 2118 1847 2155 aut

257 2184 453 2226 Sinarum
476 2184 644 2236 regione
665 2183 730 2225 vel
751 2183 950 2236 Brasilia,
973 2184 1257 2237 indulgentias
1278 2190 1321 2226 et
1349 2185 1568 2238 privilegia
1601 2185 1718 2225 varia
1750 2198 1846 2226 con-

254 2255 350 2296 fert.
374 2254 438 2296 Ad
459 2257 512 2297 20
533 2269 682 2297 annOS.

252 2321 294 2356 R.
316 2332 375 2364 ap.
396 2320 434 2356 S.
459 2321 508 2356 M.
529 2321 579 2355 M.
599 2321 670 2356 XV
689 2321 789 2364 Sept.
811 2324 896 2356 1629
913 2321 954 2355 Ρ.
975 2332 1036 2355 an.
1055 2322 1132 2357 Vll.

253 2430 357 2464 Ball.
376 2431 422 2464 de
436 2440 596 2473 propag.
618 2432 692 2470 fide
709 2430 739 2464 I.
765 2432 835 2465 111.
1434 2430 1519 2473 Req.
1541 2430 1630 2464 buu.
1661 2431 1698 2464 V.
1718 2431 1793 2465 275.
1815 2430 1847 2463 b.

337 2540 440 2583 106.
474 2537 524 2579 A.
554 2537 600 2580 F.
636 2538 685 2579 R.
721 2537 779 2579 M.
808 2546 1039 2582 Romanus
1065 2541 1298 2594 Ponte‘feoe.
1323 2563 1348 2569 -
1375 2537 1535 2580 Urban.
1560 2537 1664 2579 VIII
1689 2539 1850 2592 petenti

263 2609 420 2650 Didaco
457 2610 654 2663 episcopo
690 2609 909 2661 Funayen.
944 2610 985 2650 in
1022 2610 1171 2651 insulis
1206 2609 1416 2663 Iaponicis
1451 2611 1588 2651 varias
1623 2610 1845 2651 facultates

264 2681 522 2734 absolvendi,
542 2683 815 2735 promovendi
831 2682 884 2723 ad
900 2696 985 2723 sac.
1006 2682 1198 2734 Ordines,
1221 2681 1491 2735 dispensandi
1510 2695 1636 2735 super
1656 2683 1699 2723 2⁰
1719 2682 1850 2735 gradu

264 2754 378 2796 affin.
401 2758 444 2795 et
469 2767 665 2807 consang.
691 2755 734 2795 in
769 2754 884 2795 linea
917 2755 1203 2806 transversali‚
1227 2760 1308 2795 etc.
1332 2768 1358 2795 a
1378 2754 1510 2796 Paulo
1534 2753 1567 2794 V
1589 2753 1662 2807 (cf.
1687 2768 1729 2795 n.
1756 2755 1850 2807 182)

264 2838 483 2867 concessas
503 2830 676 2867 renovat
696 2825 748 2867 ad
773 2827 821 2868 15
843 2840 989 2867 anDOS.

265 2897 307 2932 R.
326 2908 385 2940 ap.
407 2896 445 2932 S.
465 2897 515 2931 M.
537 2897 586 2931 M.
609 2897 712 2933 XVII
729 2897 827 2941 Sept.
852 2901 934 2933 1629
952 2899 992 2933 Ρ.
1013 2909 1072 2932 an.
1094 2898 1170 2934 VII.

1491 3005 1582 3049 Rey.
1601 3003 1694 3041 buu.
1717 3005 1756 3040 V.
1776 3008 1852 3041 273.
