1989 3252
92 216 270 259 Urban.
290 214 421 258 VIII.
757 237 813 245 —
841 217 920 256 349
948 239 1003 247 —
1541 217 1670 261 1641.

178 302 277 345 189.
310 299 456 354 Congr.
481 300 521 342 S.
545 300 596 342 R.
629 305 671 342 et
699 300 753 342 U.
777 301 936 355 Inquis.
960 327 986 332 —
1007 302 1190 344 Attentis
1212 302 1378 345 decreto
1400 302 1522 344 Pauli
1541 302 1578 343 V
1598 317 1673 357 per

93 372 261 413 nuntios
282 371 532 424 apostolicos
553 373 732 413 vetantis
754 386 806 413 ne
836 374 1102 426 imprimatur
1131 375 1174 415 in
1204 375 1381 416 materia
1401 373 1452 415 de
1471 374 1670 427 Auxiliis,

92 443 220 484 etiam
267 447 491 495 praetextu
538 444 849 485 commentandi
894 443 934 485 S.
979 445 1198 498 Thomam‚
1240 447 1321 487 nisi
1366 449 1570 487 tractatus
1617 446 1671 487 ad

93 513 135 556 S.
163 512 321 567 Inquis.
344 515 460 567 prius
481 515 632 556 missus
652 539 677 545 -
699 519 742 556 et
761 514 928 556 decreto
948 515 1054 557 Urb.
1080 516 1180 558 VIII
1201 518 1253 558 22
1277 517 1378 558 Maii
1401 518 1521 568 1625,
1542 516 1667 558 idem.

91 585 290 636 vetantis,
314 584 444 626 donec
464 585 580 626 aliud
600 599 625 626 a
648 585 752 628 Sede
783 586 860 639 Ap.
886 586 1013 627 fuerit
1041 587 1298 639 ordinatum,
1330 601 1380 628 ac
1410 586 1672 629 decernentis

91 668 248 709 poenas
268 655 421 696 —liber
441 655 486 696 C.
511 656 694 697 Iansenii
730 663 1032 712 Auyustz'nus‚
1055 663 1097 698 et
1126 659 1218 699 eius
1248 658 1470 699 occasione
1500 658 1672 710 impres-

92 739 163 767 sae
188 730 346 770 leeses
367 740 392 767 a
413 726 608 767 Patribus
630 726 672 768 S.
692 727 727 767 I.
748 728 1012 780 Antwerpiae
1034 734 1075 769 et
1090 729 1230 769 omnia
1250 728 1364 770 edita
1383 733 1508 782 atque
1528 729 1672 782 impri-

92 796 244 838 menda
276 811 346 850 pro
379 798 442 838 vel
471 802 616 838 contra
646 797 888 839 Iansenium
918 804 959 839 et
985 799 1174 851 iesuitas,
1213 799 1486 852 prohibentur
1519 803 1562 840 et
1594 799 1672 840 sub

92 881 217 921 poena
238 881 442 910 excomm.
462 869 552 921 ipso
572 868 683 909 facto
706 869 956 910 incurrenda
972 870 1145 910 retineri
1161 883 1209 910 ac
1227 870 1309 922 legi
1324 874 1534 911 vetantur.
1553 869 1672 911 Insu-

91 952 181 992 per,
204 938 282 979 sub
301 938 446 991 praed.
470 952 593 992 poena
611 944 780 980 vetatur
800 939 1028 993 quidquam
1052 941 1199 994 quavis
1230 941 1447 982 occasione
1472 941 1523 981 de
1544 946 1672 982 mate-

90 1009 156 1050 ria
176 1008 259 1050 div.
285 1009 538 1050 auxiliorum
560 1010 761 1063 imprimi,
786 1011 875 1052 sine
896 1023 1094 1063 expressa
1114 1016 1155 1052 et
1177 1011 1351 1064 speciali
1372 1011 1412 1052 S.
1436 1010 1477 1052 S.
1502 1011 1674 1052 licentia

93 1078 224 1120 donec
257 1078 373 1120 aliud
408 1080 536 1121 fuerit
569 1079 841 1121 ordinat-um:
881 1094 1004 1133 poena
1039 1080 1179 1123 Sanct.
1217 1080 1326 1122 Suae
1361 1087 1404 1123 et
1450 1081 1492 1123 S.
1530 1080 1679 1134 Congr.

92 1154 317 1192 reservata.

92 1218 110 1251 1
130 1216 223 1260 Aug.
245 1219 340 1251 1641.

93 1326 273 1361 Analecta
289 1328 366 1361 Iur.
387 1327 495 1360 Pont.
516 1328 546 1360 Ι.
568 1340 599 1370 p.
617 1331 713 1363 1223.
1417 1329 1566 1364 Elench.
1589 1332 1675 1364 buu.

178 1437 278 1480 190.
312 1436 362 1477 Α.
396 1435 442 1477 Ρ.
480 1436 528 1477 R.
563 1435 620 1477 M.
649 1444 698 1480 In
727 1440 799 1481 he's
828 1444 1117 1482 (ηισίονῑίιιίῑῖς
1146 1445 1342 1483 nostrae.
1367 1464 1392 1469 -
1422 1438 1527 1480 Urb.
1559 1438 1676 1490 VIII,

94 1505 357 1559 supplicante
374 1505 509 1547 Mutio
526 1505 774 1548 Vitelleschi
795 1507 943 1560 Praep.
965 1507 1068 1549 Gen.
1092 1508 1133 1550 S.
1153 1508 1206 1560 I.,
1226 1510 1374 1550 statuit
1393 1509 1677 1562 presbyteros,

93 1575 282 1628 clericos,
308 1576 570 1618 coadiutores
593 1582 633 1618 et
655 1579 834 1619 novitios
854 1577 895 1619 S.
915 1577 948 1619 Ι.
974 1580 1094 1619 iuxta
1116 1593 1275 1620 morem
1298 1580 1338 1620 d.
1358 1579 1398 1621 S.
1420 1580 1676 1621 confessario

93 1660 167 1700 pro
202 1652 389 1701 tempore
420 1648 621 1701 deputato
657 1654 700 1690 et
730 1663 811 1690 non
847 1650 940 1690 aliis
976 1649 1183 1702 confiteri,
1208 1652 1266 1691 ita
1297 1656 1442 1692 tamen
1480 1656 1526 1693 ut
1555 1655 1579 1693 5
1609 1652 1676 1693 vel

95 1720 118 1758 6
141 1718 303 1759 vicibus
324 1718 512 1772 quolibet
532 1733 643 1761 anno
664 1718 864 1761 offeratur
885 1722 994 1762 conf.
1021 1721 1394 1763 extraordinarius.

94 1783 136 1818 R.
153 1794 199 1827 ap
230 1784 265 1818 S.
286 1785 336 1819 M.
356 1785 406 1819 M.
427 1785 548 1821 XXIII
565 1787 659 1828 Aug.
682 1788 763 1820 1641
784 1786 822 1819 P.
843 1797 902 1820 an.
922 1787 1021 1822 XIX.

97 1893 192 1929 Nov.
214 1894 304 1928 bzcll.
326 1895 357 1928 S.
381 1895 409 1928 I.
432 1897 504 1930 173.
1418 1898 1568 1932 Elmch.
1589 1899 1676 1934 bun.

181 2006 277 2049 191.
310 2004 552 2046 Facultates
571 2019 794 2046 concessae
815 2020 840 2046 a
860 2005 901 2048 S.
929 2006 975 2048 D.
1001 2006 1054 2048 N.
1073 2005 1247 2048 Urbano
1269 2007 1349 2049 PP.
1371 2007 1471 2048 VIII
1494 2008 1539 2050 P.
1560 2008 1677 2051 Isaac

98 2073 301 2127 D'Aultry
331 2075 424 2124 (cfr.
459 2090 498 2116 n.
541 2077 636 2129 133)
672 2077 933 2118 missionario
964 2077 1004 2118 S.
1036 2077 1070 2118 I.
1095 2077 1229 2130 Cpoli.
1259 2103 1285 2108 -
1315 2078 1364 2118 In
1407 2092 1498 2131 gen.
1534 2093 1672 2132 congr.

97 2144 139 2187 S.
163 2145 212 2187 R.
238 2151 280 2186 et
299 2145 352 2186 U.
378 2146 469 2200 Inq.
495 2146 641 2188 habita
662 2148 703 2187 in
738 2147 820 2200 pal.
846 2148 1073 2201 apostolico
1110 2149 1262 2189 montis
1284 2149 1512 2198 Quirinalis
1534 2149 1603 2191 SS.
1624 2150 1673 2193 D.

94 2215 148 2257 N.
168 2217 219 2275 1).
243 2217 481 2270 praedictus
512 2219 717 2259 concessit
839 2218 891 2260 ad
922 2220 1191 2272 septennium
1214 2245 1239 2250 -
1259 2219 1306 2261 F.
1334 2220 1455 2261 Card.
1486 2220 1677 2262 Barberi-

95 2302 190 2330 nus.
215 2288 248 2329 Ι.
274 2289 369 2329 Ant.
395 2289 647 2330 Thomasius
671 2289 723 2331 N.

98 2354 138 2388 F.
162 2354 188 2384 v
209 2355 242 2388 d.
262 2355 350 2389 XIX
367 2355 465 2397 Sept.
487 2359 581 2390 1641.

1320 2468 1412 2510 Κεφ
1433 2468 1521 2501 bun.
1544 2468 1604 2502 VI.
1625 2471 1678 2502 82.

181 2582 277 2624 192.
313 2581 361 2621 A.
386 2579 433 2622 F.
458 2581 507 2620 R.
532 2580 588 2622 M.
617 2585 1008 2637 E1p0722'n0l72's.-
1028 2580 1188 2622 Urban.
1209 2580 1327 2633 VIII,
1351 2583 1508 2635 petenti
1529 2582 1676 2624 Carolo

98 2650 197 2691 Ant.
221 2649 379 2703 Guagio
403 2651 620 2703 Perusino,
643 2651 835 2692 concedit
865 2656 910 2692 ut
931 2656 1238 2704 competentem
1274 2653 1437 2694 ratione
1471 2653 1597 2705 legati
1633 2654 1676 2694 in

94 2720 283 2762 favorem
304 2722 479 2762 duorum
501 2736 524 2763 e
546 2728 658 2763 terra
692 2722 1064 2776 Aquaependentis
1095 2723 1351 2763 studentium
1377 2723 1552 2775 collegio
1572 2724 1613 2765 S.
1636 2724 1670 2766 I.

97 2791 296 2832 Perusino
320 2791 455 2832 relicti
476 2792 614 2832 locum
647 2792 775 2833 studii
813 2797 1022 2845 permutet
1059 2798 1101 2834 et
1135 2792 1287 2833 litteris
1321 2807 1489 2845 operam
1527 2793 1598 2835 det
1631 2794 1675 2835 in

93 2860 222 2902 Urbe.

94 2926 138 2961 R.
158 2938 215 2970 ap.
236 2927 271 2961 S.
293 2927 342 2961 M.
362 2928 411 2962 M.
432 2928 497 2963 XII
517 2928 595 2962 Oct.
617 2931 699 2964 1641
717 2929 758 2963 P.
777 2940 835 2962 an.
855 2929 954 2964 XIX.

1287 3040 1373 3083 Rey.
1391 3039 1479 3073 ema.
1503 3039 1564 3074 VJ.
1585 3042 1627 3074 85
1643 3040 1678 3073 b.
