1989 3252
140 180 284 225 Clem.
305 178 442 223 XIII.
800 201 855 206 —
882 177 962 217 497
992 201 1046 207 —
1586 176 1713 221 1766.

139 264 399 315 Surrentino,
422 264 473 304 sle
502 266 632 304 const.
658 267 962 318 Apostollcwn
997 263 1151 314 gratias
1180 263 1334 315 agenti,
1358 275 1450 302 eam
1486 271 1669 302 mentem
1690 275 1716 302 a

140 335 227 376 Deo
249 335 329 376 sibi
351 335 492 376 datam
512 338 705 384 testatur,
724 339 770 374 ut
788 333 1031 374 scandalum
1048 337 1275 384 amoveret,
1294 332 1525 384 Ecclesiae,
1544 332 1717 385 praede-

140 419 350 446 cessorum
384 418 552 446 suorum
586 408 628 446 et
662 405 950 457 episcoporum
986 404 1261 456 plurimorum
1295 404 1496 444 iudicium
1534 403 1584 444 de
1606 403 1646 444 d.
1674 402 1716 444 S.

145 474 423 517 confirmaret.

144 541 188 576 R.
208 552 264 584 ap.
285 540 320 575 S.
341 541 388 576 M.
411 541 460 576 M.
480 540 600 575 XXlV
617 540 692 574 Ian.
714 542 797 574 1766
817 539 855 574 Ρ.
877 551 934 573 an.
957 540 1053 575 VIII.

147 634 245 669 Rucl.
264 635 371 669 Rom.

229 724 300 767 74.
337 723 648 763 Lc'benlc'ssz'me
667 723 926 775 accepz'mzcs
965 743 989 749 —
1009 718 1140 760 Clem.
1173 717 1276 759 XIII
1311 718 1499 759 Mariano
1529 719 1722 772 episcopo

146 792 455 843 Portusdivitis,
490 790 687 843 gaudium
721 804 842 830 suum
878 804 927 831 ea
962 795 1093 831 const.
1138 792 1448 845 Aposlolz'cum
1491 791 1722 830 communi-

148 865 276 915 canti,
307 862 513 916 significat
543 866 726 915 quantae
747 861 1022 902 consolationi
1057 861 1135 901 sibi
1170 860 1327 901 fuerint
1359 859 1633 913 plurimorum
1668 873 1720 901 ex

147 937 259 978 omni
279 935 449 976 natione
469 946 577 987 quae
597 931 673 972 sub
694 932 810 973 caelo
833 939 895 972 est
915 933 1080 973 litterae
1100 930 1393 984 gratulationis
1415 935 1456 971 et
1478 930 1518 971 d.
1539 929 1719 972 Mariani

147 1008 282 1049 nuntii
317 1006 367 1047 de
403 1006 518 1046 duris
554 1004 767 1045 laboribus
801 1004 841 1045 S.
866 1003 902 1045 Ι.
925 1010 967 1044 et
1002 1005 1202 1056 sanguine
1237 1016 1360 1056 saepe
1396 1000 1527 1043 effuso
1564 1003 1606 1043 in
1646 1015 1721 1042 sua

150 1078 345 1120 dioecesi.

148 1144 191 1179 R.
211 1154 267 1187 ap.
288 1144 322 1177 S.
344 1144 390 1176 M.
415 1142 461 1175 M.
484 1142 586 1176 XXII
605 1141 707 1175 Febr.
730 1144 813 1176 1766
832 1141 871 1175 Ρ.
891 1152 948 1174 an.
972 1141 1064 1175 VIII.

148 1238 248 1272 Bau.
268 1238 374 1272 Rom.

232 1332 303 1375 75.
337 1337 518 1385 Eaepom'
545 1332 673 1371 ‘nobis
695 1343 853 1384 nuper.
892 1352 917 1356 -
952 1325 1081 1367 Clein.
1120 1325 1224 1366 XIII
1259 1324 1478 1366 Francisco
1514 1324 1636 1366 Card.
1674 1324 1726 1365 de

149 1402 272 1453 Solis,
294 1400 477 1453 Ispalen.
503 1399 603 1440 eccl.
628 1398 824 1452 praesuli,
848 1403 1082 1451 exponente
1116 1396 1197 1437 Ios.
1221 1396 1366 1437 Baena
1399 1395 1440 1437 S.
1465 1395 1501 1436 I.
1533 1395 1723 1437 modera-

149 1478 238 1514 tore
259 1485 373 1525 prOV.
402 1471 583 1522 Beticae,
613 1469 818 1520 concedit,
842 1469 1011 1522 praevia
1032 1468 1300 1520 derogatione
1321 1471 1562 1508 testament.
1587 1466 1724 1519 dispo-

148 1544 288 1584 sitioni
323 1542 563 1583 Gondisalvi
599 1540 650 1582 de
684 1540 840 1592 Campo
871 1540 1031 1580 archid.
1056 1538 1107 1579 de
1142 1537 1291 1591 Elepla
1322 1540 1420 1578 anni
1458 1539 1578 1590 1615,
1603 1542 1647 1578 ut
1683 1539 1724 1578 in

150 1614 246 1656 coll.
285 1614 325 1655 S.
359 1613 390 1654 I.
413 1613 618 1666 Ispalensi
653 1625 762 1652 nunc
795 1611 1003 1662 absoluto,
1029 1611 1118 1651 loco
1152 1610 1408 1662 theologiam
1443 1610 1719 1661 repetentium

149 1685 213 1727 vel
248 1686 415 1726 tertium
452 1683 708 1737 probationis
742 1696 897 1723 annum
933 1682 1147 1734 agentium
1182 1681 1357 1721 totidem
1394 1680 1575 1732 religiosi
1610 1680 1650 1722 S.
1690 1679 1723 1721 1.

150 1756 402 1798 missionarii
423 1756 748 1795 constituantur.

149 1823 193 1858 R.
212 1834 268 1866 ap.
290 1822 326 1857 S.
347 1822 394 1857 Μ.
416 1822 463 1856 M.
483 1821 531 1855 IV
552 1821 658 1854 Mart.
680 1823 763 1854 1766
783 1820 821 1853 Ρ.
843 1830 899 1852 an.
923 1819 1014 1853 VIII.

150 1916 250 1951 Bull.
270 1917 376 1951 Rom.

233 2009 303 2052 76.
339 2011 532 2061 Accepta
552 2011 881 2049 conscz‘lule’one.
919 2028 944 2033 —
979 2002 1110 2045 Glem.
1144 2001 1248 2043 XIII
1288 2001 1486 2043 Michaeli
1526 1999 1723 2042 Anselmo

151 2079 344 2132 episcopo
380 2078 662 2130 Antequeren.
693 2075 743 2116 de
784 2080 916 2116 const.
945 2083 974 2118 Α
983 2078 1252 2131 poscolc'ezmz
1286 2073 1513 2126 gratulanti
1549 2073 1720 2125 exponit

152 2149 513 2192 confirmationem
529 2148 588 2201 pii
604 2147 790 2188 Instituti
807 2146 848 2187 S.
862 2146 915 2198 L,
930 2160 954 2186 a
972 2148 1020 2186 19
1032 2145 1306 2186 Pontificibus
1322 2157 1395 2198 pro
1403 2144 1504 2196 bati,
1524 2143 1723 2184 adversus

151 2221 425 2263 contumelias
445 2223 584 2261 sectae
619 2231 726 2273 quae
746 2218 861 2259 velut
880 2231 1029 2258 cancer
1049 2217 1193 2270 serpit,
1217 2215 1428 2256 Ecclesiae
1448 2218 1724 2267 opportunam

152 2292 295 2333 fnisse.

154 2358 195 2393 R.
216 2370 273 2401 ap.
295 2357 329 2392 S.
353 2358 399 2390 M.
422 2358 469 2390 M.
489 2356 540 2392 IX
558 2358 645 2399 Apr.
665 2358 748 2391 1766
767 2356 807 2390 P.
826 2366 885 2390 an.
906 2355 999 2390 VIII.

150 2452 253 2485 Buce.
274 2452 379 2486 Rom.

232 2547 298 2590 77.
331 2544 462 2586 Clem.
485 2542 589 2584 XIII
612 2551 752 2587 Breve
773 2545 834 2586 ad
855 2549 1018 2598 Reyem
1042 2543 1316 2585 catholicum
1341 2552 1392 2579 ne
1413 2538 1522 2578 sinat
1549 2536 1726 2579 Iesuitas

151 2629 173 2658 e
195 2616 281 2657 suis
300 2616 437 2668 regnis
458 2615 616 2668 expelli
637 2616 704 2668 (1).

151 2682 235 2717 XVI
250 2683 453 2725 Apr.-1766.

213 2792 256 2832 (1)
274 2789 388 2824 Huius
416 2788 643 2832 autographa
667 2788 783 2822 editor
809 2786 961 2822 Bullarii
991 2786 1146 2821 Romani
1176 2785 1214 2819 in
1244 2784 1415 2819 archiviis
1445 2784 1631 2819 Vaticanis
1656 2795 1728 2818 non

150 2844 348 2881 adinvenit.
373 2844 505 2878 iniuria
535 2850 736 2885 temporum
765 2843 919 2876 fortasse
952 2840 1140 2883 deperdita
1166 2840 1222 2873 vel
1248 2839 1454 2873 commixta.
1490 2838 1614 2874 Italice
1643 2840 1726 2874 data

151 2906 233 2933 sunt
251 2910 271 2932 a
289 2899 539 2933 continuatore
566 2897 610 2931 H.
638 2897 678 2931 E.
698 2896 896 2936 BercasteL
914 2895 1005 2930 ven.
1028 2897 1121 2930 1831.
1141 2899 1165 2930 t.
1185 2898 1238 2935 33,
1259 2906 1292 2937 p.
1314 2896 1399 2937 1943
1425 2894 1490 2928 cfr.
1509 2897 1670 2928 annotat.
1690 2894 1727 2928 in

158 2954 239 2987 Vita
260 2953 374 2988 Clem.
394 2953 491 2987 XIII
502 2953 593 2986 Ven.
611 2954 707 2992 1769,
728 2963 761 2994 p.
780 2954 821 2985 64
841 2964 848 2983 z
867 2950 1000 2993 gallice
1025 2962 1044 2983 a
1063 2950 1222 2984 Theiner
1239 2949 1287 2984 H.
1306 2951 1350 2983 de
1370 2948 1421 2983 CI.
1441 2949 1541 2987 XIV,
1560 2948 1586 2988 Ι,
1607 2960 1640 2990 p.
1660 2950 1725 2991 773

147 3008 259 3042 latine
277 3008 390 3042 Sensa
408 3008 485 3042 RR.
505 3006 585 3041 PP.
611 3008 680 3040 116.
