1989 3252
148 243 289 286 Clem.
314 242 424 286 XII.
810 263 863 269 —
892 241 971 280 459
1003 263 1055 268 —
1593 235 1722 280 1732.

144 341 218 382 pro
238 327 344 368 festo
367 326 436 368 SS.
455 326 577 379 Greg.
598 325 740 378 Magni
760 328 803 366 et
823 325 1076 366 Catharinae
1097 323 1295 376 martyris
1312 321 1472 375 petenti
1489 320 1721 374 plenariam

145 397 231 439 ind.
255 411 364 450 resp.
389 413 396 438 ε
421 396 640 439 Gaudeant
659 396 910 449 impetratis

148 466 187 499 19
204 463 292 498 Maii
311 465 407 498 1731.

1579 552 1724 585 Bullae.

229 668 271 711 5.
303 665 454 718 Congr.
478 679 512 705 s.
536 665 606 705 rit.
629 668 671 704 et
692 663 778 704 ind.
802 688 827 693 -
858 662 1073 704 Ecclesiae
1104 661 1143 703 S.
1168 661 1317 702 Franc.
1341 659 1446 702 XaV.
1471 659 1511 701 S.
1544 659 1577 701 Ι.
1603 666 1724 701 extra

150 749 290 777 muros
310 735 556 788 Zagabrien.
577 735 766 787 (Agram)
788 734 897 774 inter
919 734 1150 774 haereticos
1171 733 1332 785 petenti
1352 732 1458 784 priV.
1483 731 1629 772 altaris
1651 744 1726 783 pro

149 820 231 848 una
265 807 371 847 feria
406 807 446 846 in
485 805 609 846 hebd.
634 805 791 858 absque
825 805 1091 857 expressione
1126 804 1288 845 numeri
1312 804 1550 854 missarum,
1573 815 1682 854 resp.
1714 817 1721 842 :

150 878 420 919 Affirmative.

149 947 188 978 19
205 944 291 978 Maii
313 945 408 978 1731.

1586 1032 1731 1066 Bullae.

229 1147 270 1190 6.
305 1144 355 1186 A.
381 1144 427 1185 Ρ.
451 1144 500 1185 R.
525 1142 582 1184 M.
612 1151 887 1187 conmissae
907 1147 1047 1188 nobis.
1082 1143 1214 1185 Clem.
1247 1142 1346 1194 XII,
1369 1141 1632 1196 supplicante
1654 1140 1723 1181 Fr.

150 1216 249 1257 Retz
275 1216 423 1268 Praep.
456 1215 561 1256 Gen.
588 1214 629 1256 S.
663 1213 717 1265 I.,
740 1214 872 1255 officio
904 1214 954 1255 de
975 1214 1016 1256 S.
1042 1214 1198 1256 Ioanne
1227 1212 1524 1267 Nepomuceno
1546 1215 1730 1262 martyre

150 1288 233 1328 iam
256 1299 467 1337 concesso,
491 1286 602 1339 plen.
628 1285 713 1327 ind.
739 1285 806 1326 die
827 1286 917 1326 eius
938 1285 1043 1326 festo
1065 1284 1268 1325 concedit.

151 1353 192 1387 R.
211 1363 269 1396 ap.
289 1353 324 1387 S.
345 1353 394 1386 M.
414 1352 463 1386 M.
484 1352 590 1387 XXII
608 1353 701 1394 Aug.
723 1354 801 1387 1731
825 1352 865 1386 P.
886 1363 944 1385 an.
965 1351 1008 1386 II.

150 1463 242 1497 Νου.
262 1462 350 1495 buli.
371 1462 405 1494 S.
425 1461 448 1494 l
476 1463 551 1494 244.

232 1573 271 1616 7.
306 1569 454 1620 Congr.
480 1585 512 1611 s.
534 1570 604 1610 rit.
629 1575 673 1610 et
701 1569 787 1609 ind.
814 1594 839 1599 —
860 1568 1074 1609 Ecclesiae
1109 1568 1147 1610 S.
1173 1567 1206 1609 Ι.
1233 1568 1460 1620 Trugillen.
1494 1567 1603 1620 plen.
1641 1567 1726 1608 ind.

148 1641 188 1680 in
212 1640 317 1680 festo
338 1639 527 1681 dolorum
550 1639 598 1680 B.
625 1638 680 1679 M.
709 1638 758 1679 V.
783 1643 825 1679 et
854 1639 877 1678 '7
902 1652 999 1679 ann.
1025 1644 1063 1678 et
1102 1638 1247 1692 quadr.
1272 1639 1315 1679 in
1346 1638 1451 1680 festo
1472 1637 1730 1678 Inventionis

149 1710 189 1752 S.
215 1711 360 1752 Crucis
381 1711 556 1763 petenti.
578 1724 688 1763 resp.
718 1726 724 1751 :
751 1710 830 1751 Pro
853 1711 987 1762 gratia
1008 1711 1050 1750 in
1072 1710 1175 1751 festo
1197 1709 1385 1750 dolorum
1410 1709 1457 1750 B.
1477 1709 1533 1750 M.
1560 1708 1610 1748 V.
1635 1722 1729 1749 cum

150 1781 339 1823 clausula
362 1794 378 1812 ‘⁴
405 1781 628 1822 dummodo
655 1805 688 1823 η.

156 1850 192 1881 10
212 1847 296 1882 Dec.
318 1849 415 1882 1731.

1584 1939 1729 1972 Bullae.

237 2052 277 2094 8.
311 2049 437 2102 Cong.
464 2063 496 2090 s.
521 2050 590 2089 rit.
614 2054 656 2090 et
685 2049 771 2090 ind.
796 2074 820 2078 -
850 2049 1033 2101 Collegio
1057 2047 1294 2090 Cassovien.
1319 2047 1358 2089 S.
1384 2047 1418 2089 I.
1443 2047 1554 2100 plen.
1578 2047 1664 2088 ind.
1689 2049 1733 2088 in

154 2120 310 2162 domin.
335 2124 428 2173 post
461 2120 612 2161 festum
649 2118 718 2162 SS.
756 2119 866 2160 Petri
903 2126 941 2159 et
979 2119 1117 2169 Pauli,
1141 2119 1425 2160 anniversario
1456 2118 1732 2160 dedicationis

154 2194 330 2244 petenti,
353 2205 461 2244 resp.
492 2207 498 2232 :
523 2191 602 2232 Pro
623 2192 756 2244 gratia
777 2204 851 2244 pro
873 2191 997 2231 unica
1017 2191 1128 2231 vice.

154 2260 193 2292 16
212 2257 319 2291 Febr.
341 2259 435 2291 1732.

1594 2350 1732 2383 Bullae.

237 2460 278 2502 9.
313 2461 362 2498 A.
401 2458 448 2499 Ρ.
487 2457 536 2499 R.
576 2457 633 2499 M.
674 2460 958 2512 ponteficalis
978 2462 1126 2512 official.
1152 2482 1177 2487 -
1206 2456 1338 2498 Clem.
1364 2456 1461 2508 XII,
1484 2457 1602 2498 litem
1624 2458 1734 2498 inter

155 2529 328 2570 clericos
344 2529 554 2581 regulares
576 2529 616 2570 S.
641 2528 675 2569 I.
700 2533 742 2569 et
763 2528 862 2569 cler.
881 2542 965 2581 reg.
993 2528 1229 2580 Pauperum
1252 2527 1399 2568 Matris
1421 2528 1513 2579 Dei,
1531 2542 1556 2568 a
1580 2528 1733 2570 scholis

156 2600 236 2652 piis
269 2599 561 2640 denominatos
591 2600 634 2639 in
657 2598 845 2639 Vilnensi
866 2600 943 2640 ciV.
972 2603 1123 2647 ortam,
1156 2598 1401 2651 particulari
1423 2600 1731 2652 congregationi

156 2671 283 2711 trium
303 2670 580 2711 cardinalium
615 2671 897 2721 commissam,
920 2669 1012 2710 dein
1036 2669 1088 2710 ad
1120 2669 1325 2710 Nuntium
1361 2675 1497 2721 apost.
1530 2669 1730 2722 delatam,

157 2742 322 2782 clericis
343 2741 382 2783 S.
407 2741 442 2783 Ι.
466 2741 519 2782 ad
539 2740 687 2783 Sedem
719 2740 1002 2793 Apostolicam
1031 2740 1356 2793 appellantibus,
1379 2740 1432 2780 ad
1453 2754 1497 2780 se
1519 2745 1668 2781 avocat
1688 2746 1730 2782 et

156 2813 379 2864 extinguit,
403 2818 444 2853 et
465 2811 677 2864 Pauperes
710 2811 858 2853 Matris
893 2810 969 2852 Dei
1003 2812 1201 2852 scientias
1235 2811 1365 2852 etiam
1398 2812 1575 2852 maiores
1610 2824 1731 2865 posse

155 2882 321 2924 tradere
342 2884 502 2924 statuit.

153 2947 199 2981 R..
218 2958 276 2990 ap.
297 2947 334 2981 S.
354 2947 403 2981 M.
426 2948 473 2980 M.
493 2948 601 2983 XXX
617 2948 696 2983 Iun.
718 2947 758 2980 P.
779 2958 837 2981 an.
856 2947 918 2983 111.

153 3056 244 3090 Ball
274 3056 377 3091 Rom.
