1989 3252
671 430 1225 503 BENEDICTI
1275 430 1498 502 XIII.

284 668 501 702 Benedictus
519 666 617 702 XIII.
641 666 838 705 Romanus,
859 665 900 697 fr.
922 665 1138 698 Vincentius
1160 664 1277 697 Maria
1297 663 1451 697 Ursinus
1471 663 1511 697 O.
1534 663 1609 703 Pr„
1631 664 1749 706 presb.
1779 663 1882 696 eard.

372 723 425 757 tit.
445 722 480 757 S.
498 721 604 756 Sixti.
620 721 781 763 archiep.
798 721 1091 759 Beneventanus,
1109 724 1252 753 creatus
1270 718 1395 753 XXIX
1412 718 1510 758 Maii,
1527 722 1719 752 coronatus
1735 717 1784 752 IV
1801 718 1880 752 Iun.

374 780 468 818 1724,
489 777 578 811 obiit
596 775 685 810 XXI
704 776 791 809 Feb.
814 778 909 809 1730.

282 834 360 867 Duo
391 832 595 866 cardinales
614 829 895 865 S.1.Ptole1nei
921 832 957 863 et
986 828 1137 863 Salerno
1165 828 1244 862 eins
1270 828 1441 862 electioni
1471 828 1667 870 plurimum
1697 826 1886 869 suffragati

371 892 487 928 erant,
507 888 551 920 ad
571 898 662 929 quos
680 884 837 919 accessit
854 885 984 919 tertius
1003 884 1039 919 S.
1061 885 1085 916 I.
1107 884 1303 917 cardinalis
1321 883 1553 925 Cienfuegos.

285 945 392 979 Anno
416 945 496 977 1724
515 942 556 976 Ρ.
575 940 759 984 Ignatium
778 940 980 974 Guarinum
999 949 1071 972 sac.
1093 939 1229 972 rituum
1246 937 1542 980 congregationis
1572 937 1830 977 consultorem,
1852 942 1885 970 et

370 1009 466 1032 anno
500 999 584 1032 1728
612 996 866 1039 episcoporum
896 995 1184 1028 examinatorem
1214 993 1359 1027 creavit.
1389 993 1495 1027 Anno
1526 994 1623 1033 1725,
1654 992 1815 1034 quinque
1844 992 1887 1025 de

370 1053 553 1088 Societate
571 1052 666 1086 inter
695 1050 841 1084 concilii
870 1049 1013 1083 romani
1041 1049 1233 1091 theologos
1262 1047 1414 1091 adlegit,
1445 1058 1488 1081 ac
1517 1048 1607 1081 duos
1636 1046 1884 1090 peculiaribus

368 1107 585 1150 quibusdam
616 1105 968 1149 congregationibus
996 1104 1151 1138 inseruit
1190 1103 1241 1137 De
1270 1103 1312 1137 Ρ.
1346 1103 1525 1137 Dominici
1545 1102 1637 1136 Viva
1654 1102 1883 1144 aliorumque

370 1163 552 1197 sociorum
572 1161 675 1195 libris
693 1160 879 1204 praeclare
898 1159 1024 1199 sensit,
1045 1158 1328 1200 universamque
1345 1158 1563 1191 Societatem
1583 1157 1668 1190 viris
1697 1156 1813 1191 doctis
1842 1167 1885 1190 ac

372 1217 567 1252 solertibus
585 1216 731 1259 plenam
763 1226 834 1249 non
865 1215 977 1249 semel
1007 1214 1109 1248 dixit.
1143 1214 1440 1247 Beneventanum
1468 1211 1663 1255 collegium
1692 1222 1777 1246 aere
1806 1223 1886 1252 suo,

371 1277 452 1316 post
480 1272 646 1306 ruinosos
675 1276 793 1306 terrae
823 1274 957 1310 motus,
987 1269 1233 1303 instauratum
1261 1266 1441 1309 absolvit;
1469 1266 1660 1301 Societatis
1690 1266 1886 1310 collegium

370 1328 656 1370 unumquodque
676 1326 754 1360 urbi
773 1336 883 1368 quam
901 1324 1034 1359 excolit
1060 1323 1343 1358 sanctificandae
1367 1333 1433 1366 par
1458 1321 1692 1357 existimabat
1721 1333 1763 1355 ac
1792 1321 1885 1356 dice-

372 1385 432 1418 bat
449 1395 457 1424 3
476 1382 734 1418 Germanicum
753 1381 790 1414 in
809 1379 951 1415 deliciis
970 1379 1142 1414 habebat.

376 1679 415 1721 1.
450 1676 501 1717 A.
526 1674 572 1717 P.
597 1674 648 1716 R.
673 1673 732 1716 M.
756 1679 943 1718 Ratione·
963 1677 1192 1729 conyrm't.
1216 1695 1242 1701 -
1266 1669 1370 1711 Ben.
1403 1667 1525 1722 XIII,
1555 1667 1881 1721 adscriptionem

292 1748 341 1791 B.
365 1748 397 1789 F
400 1761 513 1789 ranc.
538 1747 715 1799 Borgiae
736 1746 780 1786 in
801 1744 872 1803 SS.
898 1758 1137 1796 numerum,
1161 1757 1225 1797 pr.
1249 1742 1307 1785 id.
1332 1741 1488 1796 Aprilis
1519 1741 1621 1782 1671
1645 1754 1670 1782 a
1691 1738 1821 1782 Clem.
1845 1738 1884 1780 X

291 1813 569 1871 celebratam,
591 1818 747 1860 litteris
768 1817 820 1859 ab
843 1831 892 1858 eo
914 1822 955 1858 et
976 1815 1288 1857 successoribus
1305 1815 1394 1856 eius
1410 1813 1504 1855 Inn.
1524 1811 1600 1865 XI,
1620 1812 1743 1854 Alex.
1762 1810 1883 1864 VHI,

292 1892 386 1934 Inn.
411 1890 510 1944 XII,
533 1889 665 1932 Clem.
691 1889 751 1930 XI
773 1894 813 1931 et
844 1888 939 1931 Inn.
977 1887 1082 1929 XIII
1121 1901 1204 1929 non
1238 1886 1503 1939 conscriptiS,
1528 1898 1650 1925 suum
1687 1884 1885 1937 consequi

293 1962 491 2006 effectum
512 1963 678 2004 statuit.

295 2030 337 2065 R.
356 2041 403 2073 ap
436 2029 472 2064 S.
495 2029 534 2063 Ρ.
554 2040 608 2072 pr.
628 2039 700 2063 non
720 2028 797 2061 Iun.
818 2030 903 2064 1724
921 2028 963 2061 P.
983 2038 1041 2061 an.
1064 2027 1089 2060 Ι.

293 2145 395 2180 Ball.
418 2145 523 2180 Rom.
543 2163 587 2169 —
603 2144 696 2179 Νου.
715 2144 802 2178 buil.
823 2144 857 2177 S.
877 2143 908 2176 Ι.
927 2146 1004 2178 213.

378 2263 419 2306 2.
455 2261 607 2314 Congr.
640 2274 673 2302 s,
707 2260 777 2301 rit.
802 2263 843 2300 et
879 2259 966 2301 ind.
991 2283 1015 2289 —
1046 2257 1242 2299 Patribus
1276 2254 1449 2297 Venetis
1484 2255 1528 2296 in
1564 2267 1742 2308 quorum
1777 2251 1881 2295 eccl.

298 2333 347 2375 S..
361 2332 573 2374 Barbarae
595 2345 745 2385 corpus
766 2336 1005 2373 asservatur
1025 2339 1067 2372 et
1088 2329 1241 2371 festum
1281 2327 1459 2370 solemni
1495 2339 1649 2380 pompa
1682 2324 1887 2367 celebrari

298 2404 531 2455 consuevit,
555 2402 796 2456 petentibus
816 2407 865 2443 ut
884 2402 1039 2443 festum
1061 2405 1103 2442 et
1131 2399 1290 2453 indulg.
1315 2399 1357 2441 S.
1382 2398 1533 2439 Franc.
1558 2396 1663 2438 Xav.
1684 2397 1719 2437 si
1740 2397 1783 2437 in
1804 2396 1887 2450 pri-

299 2489 413 2517 mam
429 2474 541 2517 dom.
560 2474 719 2515 incidat
734 2473 787 2515 ad
809 2473 921 2515 diem
942 2487 1025 2515 non
1046 2471 1292 2525 impeditam
1310 2470 1590 2512 transferatur
1605 2492 1630 2499 -
1646 2481 1756 2522 resp.
1780 2484 1787 2509 :
1807 2466 1888 2509 Pro

301 2547 438 2600 gratia
458 2548 501 2587 in
522 2550 790 2600 perpetuum.

302 2616 340 2648 14
361 2612 450 2647 Nov.
472 2614 569 2648 1724.

1744 2714 1890 2749 Bullae.

388 2836 431 2880 3.
464 2833 515 2876 A.
539 2832 585 2874 P.
610 2831 659 2873 R.
684 2829 742 2874 M.
768 2834 971 2875 Postulat
992 2832 1256 2874 humilitati.
1282 2852 1307 2858 -
1327 2826 1430 2869 Ben.
1464 2825 1570 2867 XIII
1600 2823 1820 2867 confirmat
1849 2827 1893 2865 et

307 2905 360 2947 ad
382 2918 527 2947 omnes
548 2904 806 2958 regularium
826 2902 994 2945 ordines
1015 2900 1206 2943 extendit
1224 2899 1390 2941 litteras
1407 2898 1528 2940 Alex.
1548 2897 1607 2939 IV
1624 2901 1666 2939 et
1682 2894 1813 2938 Clem.
1832 2894 1891 2936 IV

308 2977 540 3018 vetantium
562 2979 773 3030 promotos
793 2987 846 3016 ex
865 2972 947 3016 FF.
973 2971 1182 3014 Minorum
1204 2975 1247 3012 et
1267 2969 1417 3011 Praed.
1440 2967 1655 3011 ordinibus
1677 2966 1730 3008 ad
1759 2965 1894 3019 digni-
