1989 3252
52 210 229 255 Urban.
251 208 380 252 VIII.
723 228 776 236 -
806 204 882 245 321
914 227 969 234 —
1503 202 1632 247 1627.

52 292 284 345 monachis,
307 293 464 345 unique
484 291 687 332 monacho
721 289 856 330 Blesis
891 288 1078 330 studenti
1108 290 1188 330 300
1208 288 1337 329 libras
1358 288 1464 340 sing.
1488 288 1630 340 annis,

54 364 199 418 quovis
234 363 436 404 decennio
471 362 511 403 d.
550 361 805 403 monasterio
841 361 1014 401 calicem
1050 360 1203 402 valoris
1239 361 1317 400 100
1346 358 1439 400 libr.
1472 358 1627 411 tradat,

54 434 184 477 semel
203 437 306 476 1500
326 434 424 476 libr.
446 448 520 488 pro
542 447 679 486 repar.
704 432 832 474 aedif.
857 436 899 473 et
936 433 1012 474 100
1035 432 1131 473 libr.
1155 445 1230 485 pro
1252 432 1446 485 expensis
1467 431 1631 484 opposi-

52 506 196 547 tionis.
1580 498 1583 501 ’

51 570 96 606 R.
117 582 174 614 ap.
197 570 232 605 S.
254 570 294 605 P.
313 570 363 605 VI
378 569 452 604 kal.
473 570 579 604 Mart.
601 571 684 604 1626
703 569 743 602 P.
765 579 823 603 an.
846 568 906 603 IV.

1275 677 1362 719 Κεφ.
1380 676 1469 711 bun.
1500 676 1535 709 V.
1555 677 1631 710 327.

135 801 207 846 63.
240 799 291 841 A.
315 798 362 841 F.
386 798 438 840 R.
460 797 518 840 M.
544 805 727 854 E'srponz'
745 800 874 842 nobis
894 792 1058 853 nuper.
1084 821 1109 827 -
1138 795 1296 838 Urban.
1322 796 1441 846 VIII,
1464 801 1632 850 petente

54 870 213 913 Didaco
248 875 326 924 epo
361 871 611 923 Iapponen.,
634 868 855 910 confirmat
889 868 1106 910 decretum
1140 867 1290 909 Cardd.
1316 868 1481 920 negotio
1512 881 1627 921 prop.

55 940 154 981 fidei
169 954 361 994 praepos,
375 954 432 981 sc.
451 954 476 981 a
491 939 753 992 regularibus
769 938 908 993 quoad
922 938 1197 992 publicandas
1213 938 1370 991 indulg.
1385 937 1633 979 servandam

54 1024 145 1052 esse
161 1011 475 1064 dispositionem
492 1024 525 1052 s.
543 1023 659 1051 conc.
673 1009 786 1051 Trid.
800 1009 840 1051 S.
856 1011 904 1051 21
924 1024 961 1050 c.
975 1009 1027 1050 de
1043 1009 1211 1051 reform.
1226 1022 1308 1050 non
1324 1008 1516 1050 obstante
1532 1022 1633 1062 qua-

55 1095 219 1137 cunque
240 1084 508 1136 exemptione
529 1087 603 1123 aut
624 1081 761 1135 privil.
785 1095 823 1122 V.
847 1095 886 1134 g.
911 1081 1085 1122 confrat.
1110 1080 1289 1132 Rosarii‚
1313 1080 1450 1134 quoad
1472 1080 1633 1121 confra-

54 1156 274 1195 ternitates
296 1153 597 1195 observandam
617 1166 709 1194 esse
730 1151 873 1194 Const.
892 1151 1024 1193 Clem.
1052 1151 1151 1194 VIII
1173 1153 1225 1193 28
1246 1151 1335 1193 dec.
1363 1152 1469 1192 1604
1493 1157 1633 1199 Quae-

56 1241 232 1281 cunque
250 1240 277 1269 a
298 1228 410 1269 Sede
430 1232 530 1280 Ap.,
574 1223 709 1278 quoad
749 1223 932 1276 praedic.
973 1236 1104 1274 evang
1162 1228 1204 1264 et
1251 1236 1428 1264 sacram.
1472 1222 1630 1264 admin.

55 1295 333 1339 observandas
364 1308 454 1336 esse
483 1293 622 1336 Const.
650 1294 780 1335 Clem.
806 1293 907 1335 VIII
932 1296 982 1336 12
1003 1294 1094 1336 dec.
1122 1295 1242 1346 1600,
1265 1293 1386 1335 Pauli
1408 1292 1443 1333 V
1468 1294 1517 1333 10
1540 1293 1631 1334 Ian.

57 1369 179 1420 1608,
201 1371 244 1408 et
264 1366 376 1408 decr.
400 1365 440 1407 d.
465 1379 603 1419 congr.
630 1366 679 1406 13
701 1364 793 1407 Iun.
821 1367 939 1407 1625.

53 1433 98 1469 R.
117 1444 174 1476 ap.
194 1433 229 1467 S.
252 1433 292 1469 P.
312 1431 451 1467 XXVII
469 1432 556 1466 Feb.
580 1434 662 1466 1627
679 1431 720 1465 Ρ.
739 1442 798 1465 an.
819 1432 882 1466 IV.

1237 1552 1325 1595 Res).
1346 1551 1433 1586 buu.
1464 1552 1499 1586 V.
1520 1553 1583 1587 217
1603 1551 1634 1585 b.

138 1675 212 1718 64.
248 1679 299 1717 Ut
318 1676 499 1718 decreta
519 1676 650 1716 alias.
676 1698 701 1703 -
735 1671 896 1714 Urban.
931 1671 1032 1713 VIII
1063 1672 1102 1713 d.
1128 1675 1206 1725 epo
1236 1677 1283 1713 ut
1302 1676 1504 1726 tanquam
1525 1671 1636 1713 sedis

56 1749 192 1798 apost.
215 1744 430 1798 delegatus
451 1751 595 1785 contra
611 1757 896 1798 quoscumque
913 1744 1096 1784 cuiusvis
1113 1743 1213 1784 Ord.
1233 1743 1382 1796 Congr.
1403 1748 1477 1784 aut
1492 1742 1629 1783 Instit.

56 1815 266 1868 regulares
286 1817 357 1870 qui
379 1815 556 1857 decretis
576 1815 629 1856 27
651 1820 756 1868 sept.
783 1816 887 1856 1626
923 1813 1074 1856 Cardd.
1100 1827 1192 1866 neg.
1217 1827 1333 1867 prop.
1359 1813 1432 1855 fid.
1455 1827 1629 1866 praepp.

56 1900 138 1928 non
160 1888 377 1940 paruerint
396 1886 595 1940 procedat
614 1886 695 1928 fac.
718 1886 924 1928 concedit.

59 1953 100 1986 R.
120 1963 179 1995 ap.
200 1952 234 1986 S.
256 1953 297 1986 P.
318 1952 457 1987 XXVII
474 1952 560 1986 Feb.
584 1954 665 1987 1627
684 1950 725 1986 P.
746 1963 806 1986 an.
824 1951 886 1985 IV.

56 2071 158 2106 Bull.
179 2072 284 2107 Rom.
1278 2071 1369 2116 Req.
1388 2073 1474 2106 bull.
1504 2072 1541 2105 V.
1561 2073 1636 2107 218.

139 2194 210 2237 65.
229 2191 281 2233 A.
299 2191 344 2233 F.
364 2190 414 2233 R.
433 2190 491 2231 M.
515 2197 856 2236 conservationi
875 2198 913 2235 et
936 2198 1282 2236 nzanutentz'onz‘.
1304 2216 1330 2222 -
1349 2190 1511 2233 Urban.
1532 2190 1634 2232 VIII

57 2262 199 2304 domui
220 2267 263 2304 et
282 2262 616 2304 confraternitati
638 2261 949 2304 misericordiae
979 2277 1102 2304 nunc.
1127 2263 1178 2304 de
1207 2262 1386 2304 Machao
1416 2262 1449 2302 F
1451 2276 1632 2315 unayen.

59 2333 190 2376 dioec.
214 2334 257 2375 in
291 2338 398 2387 part.
422 2333 515 2375 Ind.
538 2333 698 2375 Orient.
722 2334 911 2375 concedit
945 2334 1189 2375 facultatem
1211 2333 1389 2387 eligendi
1414 2347 1633 2375 conserva-

56 2408 183 2446 tores.

58 2471 100 2505 R.
119 2482 177 2515 ap.
197 2471 232 2504 S.
252 2471 300 2506 M.
322 2471 370 2506 M.
390 2470 510 2505 XXIV
528 2471 612 2514 Apr.
637 2474 717 2506 1627
736 2471 777 2504 P.
798 2482 855 2503 an.
876 2470 939 2505 lv,

1286 2592 1374 2636 Rey.
1400 2592 1487 2627 bule.
1514 2594 1553 2628 V.
1574 2596 1631 2628 121

141 2713 213 2756 66.
246 2711 295 2754 Α.
319 2709 367 2753 F.
389 2710 440 2753 R.
464 2710 522 2754 M.
548 2719 658 2756 Pias
679 2715 1065 2767 christifidelium.
1090 2737 1116 2743 -—
1149 2712 1307 2754 Urban.
1348 2713 1450 2754 VIII
1485 2713 1634 2755 confir-

59 2787 148 2823 mat
167 2783 501 2846 aggregationem
521 2783 668 2824 domus
692 2788 734 2824 et
759 2783 888 2824 confr.
914 2783 1152 2836 praedictae
1178 2785 1633 2826 archiconfraternitati

59 2852 278 2894 charitatis
297 2854 423 2894 etiam
445 2867 569 2895 nuno.
595 2854 646 2896 de
667 2853 796 2895 Urbe.

55 2917 102 2954 R.
120 2929 176 2962 ap.
198 2918 234 2953 S.
253 2919 305 2953 M.
324 2919 375 2955 M.
393 2919 516 2955 XXIV
531 2920 617 2963 Apr.
640 2922 724 2955 1627
742 2919 783 2954 P.
803 2931 862 2954 an.
880 2920 942 2956 IV.

1235 3032 1325 3077 Rey.
1344 3032 1431 3068 hutz.
1457 3033 1494 3068 V.
1515 3035 1576 3069 221
1597 3032 1632 3071 b.
