1989 3252
109 179 251 222 Clem.
275 178 335 221 X.
784 202 838 207 —-
867 178 945 218 389
974 201 1028 206 —
1556 175 1683 219 1670.

104 264 337 317 regularem
357 265 401 305 in
421 263 461 305 S.
486 264 522 306 I.
546 264 741 305 emissam
763 264 862 304 illuc
881 264 1119 315 transierat,
1143 268 1188 303 ut
1210 262 1260 303 de
1290 263 1554 315 superiorum
1590 275 1689 302 con-

105 348 243 385 seUSU,
261 336 441 388 peractis
462 335 675 376 mensibus
696 335 923 376 novitiatus
945 334 1151 375 duntaxat
1172 347 1247 375 sex
1267 334 1309 374 in
1331 333 1371 374 d.
1396 332 1495 374 Ord.
1521 346 1596 385 pro
1605 332 1686 372 fes-

107 406 267 446 sionem
288 406 469 459 emittat,
492 405 698 459 indulget.

109 470 153 505 R.
173 482 230 514 ap.
252 471 286 504 S.
307 472 347 506 P.
368 471 525 508 XXVIII
539 471 628 506 Maii
649 474 745 506 1670.
766 471 808 505 Ρ.
828 482 887 505 an.
906 471 934 506 I.

1303 579 1393 623 Rey.
1414 581 1499 611 bun.
1527 578 1586 612 Vl.
1609 580 1682 613 199.

187 691 230 732 4.
262 688 312 729 A.
345 687 392 728 Ρ.
425 687 474 728 R.
508 686 564 728 M.
600 694 651 730 In
681 693 902 731 eminente
933 691 1178 743 Principis.
1213 711 1236 716 -
1267 685 1398 727 Clem.
1433 684 1471 725 X
1506 685 1686 726 officium

107 758 147 800 S.
172 759 384 800 Francisci
404 757 558 799 Xaver.
583 757 633 799 de
653 757 849 798 mandato
866 757 1075 798 AlexNH
1092 757 1167 798 sub
1186 758 1267 797 ritu
1285 756 1431 798 semid.
1456 757 1499 796 in
1520 756 1681 797 calend.

107 829 228 870 Rom.
252 829 505 882 appositum,
525 828 602 869 sub
622 829 706 869 ritu
727 829 839 881 dupl.
867 828 918 869 de
939 832 1161 882 praecepto
1183 828 1338 880 apponi
1360 826 1494 868 iubet.

113 895 154 929 R.
175 906 230 938 ap.
253 895 289 929 S.
311 895 358 928 M.
381 895 430 928 M.
450 895 534 929 XIV
550 895 629 930 Iun.
651 897 746 929 1670,
768 894 809 928 Ρ.
829 905 887 928 an.
908 894 937 928 I.

104 1003 204 1038 Bull.
224 1004 328 1039 Rom.
349 1022 391 1027 —
406 1003 498 1037 Νου.
519 1003 604 1037 bull.
626 1003 660 1037 S.
680 1002 712 1036 I.
736 1005 808 1037 195.
1434 1002 1585 1035 Elench.
1605 1002 1691 1036 bull.

187 1114 229 1157 5.
262 1111 303 1153 S.
335 1111 421 1153 Rit.
452 1111 602 1164 Congr.
634 1135 660 1141 —
689 1109 913 1152 Decretum
943 1123 1017 1163 pro
1054 1110 1368 1151 canonizatione
1405 1108 1445 1151 S.
1477 1108 1690 1149 Francisci

108 1182 297 1236 Borgiae.

111 1252 153 1283 24
170 1248 250 1283 Iun.
272 1251 368 1283 1670.

1427 1354 1578 1390 Elenclz.
1598 1354 1686 1388 hall.

193 1468 234 1511 6.
268 1466 318 1506 A.
342 1464 388 1505 F.
413 1464 462 1506 R.
496 1463 553 1506 M.
590 1469 770 1521 Expom‘
796 1468 925 1507 nohis
955 1479 1112 1520 nuper.
1146 1488 1172 1493 -
1200 1462 1331 1503 Clem.
1363 1461 1417 1513 X,
1449 1462 1689 1516 petentibus

111 1536 221 1578 clero
243 1542 285 1578 et
305 1536 458 1589 populo
480 1537 557 1577 civ,
582 1535 821 1577 Sulmonon.
847 1549 994 1576 novam
1026 1534 1128 1587 (Cfr.
1152 1534 1283 1575 Clem.
1307 1533 1382 1585 IX,
1406 1547 1447 1574 n.
1473 1537 1514 1586 5)
1546 1547 1686 1587 proro-

110 1607 322 1659 gationem
343 1606 395 1647 ad
424 1607 652 1647 triennium
674 1620 747 1659 pro
769 1607 978 1647 erectione
995 1605 1089 1646 coll.
1114 1604 1154 1646 S.
1178 1603 1212 1645 I.
1237 1604 1438 1656 indulget.

116 1673 158 1708 R.
178 1684 234 1716 ap.
257 1673 291 1707 S.
313 1673 361 1707 M.
382 1673 431 1708 M.
450 1673 514 1708 V11
535 1673 599 1707 Iul.
624 1675 708 1708 1670
727 1673 766 1706 P.
787 1683 845 1706 an.
864 1672 891 1707 I.

1265 1779 1352 1821 Rey.
1372 1779 1460 1813 bule.
1490 1778 1545 1813 VI.
1565 1781 1627 1814 200
1648 1780 1679 1812 b.

194 1904 236 1946 7.
271 1907 379 1945 Cum
399 1903 551 1944 dilecti
568 1902 668 1954 filii.
701 1923 727 1929 —
760 1898 889 1940 Clem.
928 1897 981 1950 X,
1018 1903 1188 1951 petente
1223 1897 1372 1951 Praep.
1411 1896 1517 1938 Gen.
1555 1897 1596 1939 S.
1628 1897 1685 1949 I.,

113 1971 376 2025 presbyteros
397 1971 438 2012 d.
463 1971 504 2012 S.
529 1970 582 2011 ab
612 1983 736 2011 onere
766 1969 963 2011 audiendi
992 1969 1274 2010 confessiones
1304 1968 1549 2009 monialium
1571 1982 1685 2010 mon.

113 2042 163 2083 de
182 2042 456 2083 Eschenbach
491 2041 587 2081 Ord.
625 2040 870 2092 Cistercien.
910 2044 1079 2093 petente
1115 2045 1262 2081 senatu
1284 2039 1498 2080 Lucernae
1530 2040 1635 2091 reip.
1662 2052 1687 2079 a

111 2112 242 2154 Paulo
252 2111 304 2165 V,
317 2111 488 2153 Urbano
499 2110 600 2152 VIII
613 2111 703 2164 (cfr.
721 2113 769 2151 17
774 2114 831 2164 5),
846 2110 988 2152 Innoc.
1003 2109 1039 2150 X
1052 2111 1104 2151 ad
1115 2115 1281 2164 tempus
1297 2111 1491 2163 imposito
1499 2143 1508 2161 ,
1520 2109 1685 2150 liberat.

113 2178 155 2213 R.
173 2189 231 2221 ap.
251 2179 286 2212 S.
307 2179 355 2212 M.
375 2179 422 2213 M.
443 2178 526 2213 VIII
543 2179 637 2220 Aug.
664 2179 747 2212 1670
766 2177 808 2210 P.
828 2188 887 2210 an.
907 2177 934 2211 Ι.

1257 2285 1342 2328 Rey.
1362 2284 1451 2318 bull.
1481 2285 1539 2319 VI.
1558 2287 1633 2319 202.
1655 2285 1689 2318 b.

193 2407 235 2451 8.
268 2413 451 2462 Reponi
468 2409 776 2461 nobismcper.
801 2429 826 2434 -
855 2403 987 2444 Clem.
1020 2403 1073 2455 X,
1096 2407 1265 2456 petente
1303 2402 1423 2444 Vinc.
1461 2403 1690 2444 Octaviano

112 2476 259 2520 Chien.
282 2477 380 2518 cler.
404 2490 488 2529 reg.
513 2475 555 2518 S.
578 2476 615 2528 I,
649 2475 820 2516 mandat
853 2478 930 2527 epo
967 2472 1110 2515 Chien.
1150 2478 1196 2514 ut
1232 2487 1328 2515 eum
1363 2474 1415 2514 ad
1450 2488 1483 2515 s.
1523 2473 1688 2515 ordines

111 2547 239 2588 etiam
260 2548 437 2588 maiores
456 2550 715 2599 promoveat,
738 2546 836 2586 licet
856 2545 999 2586 morbo
1020 2544 1222 2585 comitiali
1242 2544 1520 2586 laborantem.

112 2613 154 2647 R.
174 2624 231 2656 ap.
251 2613 286 2648 S.
306 2614 355 2647 M.
375 2613 423 2647 M.
445 2613 526 2648 vm
542 2614 635 2655 Aug.
657 2614 740 2648 1670
760 2612 800 2645 P.
820 2622 879 2646 an.
898 2611 925 2646 Ι.

1263 2719 1349 2760 Rey.
1367 2718 1454 2752 bull.
1480 2718 1540 2753 VI.
1558 2720 1632 2752 201.
1653 2717 1689 2753 b.

193 2849 236 2891 9.
269 2847 320 2887 A.
342 2846 388 2887 P.
412 2845 462 2887 R.
487 2845 543 2887 M.
568 2852 621 2889 In
641 2851 783 2902 apost.
808 2848 1050 2901 diym‘tatc's
1069 2847 1228 2898 officio.
1253 2867 1279 2873 -
1303 2841 1434 2884 Clem.
1466 2841 1520 2893 X,
1543 2845 1686 2894 peten-

110 2917 224 2959 tibus
244 2916 448 2958 Michaele
469 2916 664 2957 Poloniae
684 2930 779 2969 rege
800 2916 954 2956 illustri
975 2920 1017 2956 et
1036 2914 1294 2968 presbyteris
1315 2913 1356 2956 S.
1380 2913 1414 2954 I.
1439 2912 1621 2954 officium
1643 2916 1685 2953 et

111 2989 281 3030 missam
302 2988 354 3029 de
374 2987 421 3028 B.
448 2988 655 3029 Stanislao
680 2989 728 3028 13
748 2986 853 3028 Nov.
878 2988 920 3027 in
943 2986 1130 3038 Polonia‚
1154 2999 1302 3038 magno
1325 2984 1480 3025 ducatu
1509 2983 1683 3025 Lithua-
