1989 3252
67 196 207 239 Pauli
227 194 279 238 V.
737 217 790 223 -
821 192 900 233 275
930 217 985 223 —
1517 190 1640 235 1616.

149 282 244 326 176.
279 283 407 324 Alias
421 286 685 336 postquam.
709 304 735 309 -
768 278 888 320 Paul.
918 278 946 318 V
971 277 1240 332 Cristophoro
1277 277 1476 330 archiep&
1506 275 1639 318 Goan.

67 350 242 392 mandat
261 356 306 391 ut
327 350 524 391 adversus
553 350 795 403 episcopum
816 348 1044 391 Cochinen.
1068 363 1094 390 a
1116 350 1235 390 cuius
1256 348 1439 389 dioecesi
1461 351 1643 388 castrum

69 422 120 463 de
141 423 380 474 Cranganor
398 421 789 472 dismembraverat,
814 420 955 461 sedem
978 420 1261 473 episcopalem
1283 432 1395 459 nunc
1415 419 1644 471 archiepis-

70 493 258 546 copalem
293 492 565 545 Angamalen.
597 493 642 532 in
675 491 716 533 d.
749 495 932 533 castrum
973 489 1278 541 transferendo,
1316 494 1358 531 et
1397 490 1468 543 qui
1507 490 1646 531 varias

70 563 349 605 dissensiones
383 577 478 604 cum
498 563 694 604 scandalo
729 562 872 616 populi
893 566 1038 603 contra
1070 560 1344 615 Angamalen.
1369 560 1647 614 archiepisco-

71 648 170 689 pum
189 634 402 686 excitavit,
425 633 479 675 ad
508 632 839 687 prosequendam
869 632 1136 674 diffinitivam
1171 632 1424 673 sententiam
1461 632 1515 672 22
1552 630 1642 673 dee.

75 706 179 746 1610
199 704 251 745 ab
286 704 433 746 Alexio
467 709 566 745 tunc
599 704 730 746 Goan.
754 718 865 744 nunc
899 703 1153 744 Bracharen.
1177 702 1495 755 archiepiscopo
1516 701 1647 744 latam

72 775 284 829 procedat.

71 840 115 876 R.
134 851 192 884 ap.
212 840 248 875 S.
268 841 318 875 M.
338 841 386 875 M.
407 841 454 875 V1
474 841 578 875 Febr.
602 843 684 876 1616
701 841 743 875 Ρ.
764 852 822 874 an.
842 841 907 876 XI.

1275 927 1363 970 Κεφ.
1382 927 1471 961 buu.
1490 927 1556 959 JV.
1574 929 1650 962 279.

153 1039 246 1083 177.
278 1037 327 1078 Α.
366 1035 413 1077 F.
446 1035 495 1078 R.
521 1036 579 1078 M.
613 1043 686 1080 Etr
705 1039 908 1080 iniuncto
931 1039 1075 1079 nobis.
1098 1059 1124 1065 -
1154 1033 1274 1077 Paul.
1309 1033 1344 1075 V
1378 1034 1493 1075 Petri
1528 1033 1650 1075 Pauli

75 1106 224 1149 Montii
244 1107 380 1162 presb.
403 1105 446 1149 S.
468 1107 502 1148 Ι.
527 1121 690 1149 necnon
724 1108 900 1148 fratrum
931 1107 1020 1147 eius
1052 1106 1288 1157 Octaviani,
1311 1104 1496 1158 Ioannis,
1519 1104 1650 1146 Fran-

74 1179 176 1220 cisci
210 1183 252 1219 et
286 1177 533 1232 Hieronymi
566 1178 812 1220 clericorum
844 1191 916 1219 seu
947 1178 1152 1218 laicorum
1184 1175 1466 1218 Mediolanen.
1491 1189 1652 1217 necnon

74 1250 332 1291 confratrum
352 1250 682 1303 congregationis
703 1248 751 1290 B.
776 1248 834 1289 M.
859 1247 910 1289 V.
930 1249 973 1288 in
990 1247 1162 1300 collegio
1181 1246 1380 1289 Brarden.
1404 1261 1529 1288 nunc.
1548 1245 1590 1288 S.
1613 1246 1649 1290 Ι.

75 1319 356 1362 Mediolanen.
380 1321 578 1362 canonice
607 1322 823 1361 institutae
854 1318 1231 1373 supplicationibus
1262 1319 1503 1371 inclinatus,
1525 1322 1653 1360 testa-

76 1396 264 1433 mentum
300 1405 325 1445 a
358 1391 399 1433 d.
436 1391 556 1433 Petro
591 1391 722 1432 Paulo
763 1390 923 1432 Montio
963 1399 1060 1432 ante
1099 1390 1398 1443 professionem
1437 1389 1652 1431 conditum

76 1461 214 1516 quoad
233 1463 349 1503 varia
369 1463 508 1515 legata
527 1465 773 1504 commutat.

83 1528 125 1562 R.
144 1539 189 1571 ap
223 1527 258 1562 S.
280 1528 320 1562 P.
340 1528 446 1563 XXII
463 1529 570 1563 Mart.
591 1531 675 1563 1616
694 1528 734 1563 Ρ.
753 1538 811 1562 an.
833 1527 896 1562 XI.

1211 1615 1302 1658 Κεφ
1321 1614 1407 1648 bun.
1428 1615 1492 1647 IV.
1512 1617 1587 1649 262.
1609 1615 1642 1648 b.

157 1727 252 1771 178.
284 1731 356 1768 Eoe
374 1727 579 1768 iniuncto
599 1726 743 1768 nobis.
776 1748 802 1754 —
835 1722 956 1764 Pauli
991 1722 1027 1764 V
1061 1723 1239 1764 facultas
1274 1722 1516 1775 Praeposito
1537 1722 1639 1765 Gen.

75 1795 116 1838 S.
141 1795 176 1838 I.
200 1796 385 1849 erigendi
404 1797 744 1849 congregationes
777 1796 1082 1836 communionis
1113 1808 1206 1848 gen.
1238 1799 1280 1836 et
1313 1794 1648 1836 communicandi

77 1867 371 1921 indulgentias.

84 1933 192 1969 XXX
208 1935 295 1978 Apr.
316 1936 411 1970 1616.

1386 2008 1537 2043 Elemh.
1558 2008 1649 2045 bull.

160 2121 255 2166 179.
289 2121 361 2164 Ad
379 2121 642 2176 auyendam
661 2122 881 2174 fidelium.
904 2142 930 2149 -
950 2117 1071 2160 Pauli
1095 2117 1130 2159 V
1159 2117 1419 2171 indulgentia
1449 2120 1576 2161 semel
1607 2121 1649 2161 in

80 2203 223 2232 mense
243 2191 287 2232 in
307 2189 409 2232 eccl.
433 2189 473 2232 S.
497 2189 532 2232 Ι.
554 2203 629 2244 pro
650 2203 798 2231 comm.
822 2202 916 2243 gen.
941 2189 1004 2230 Ad
1025 2190 1306 2243 septennium.

83 2256 188 2292 XXX
204 2258 292 2301 Apr.
312 2259 408 2292 1616.

1387 2331 1539 2366 Elench.
1559 2332 1647 2367 bull.

163 2442 265 2488 180.
300 2446 495 2487 Coelestz's
517 2447 672 2485 Patris
685 2442 995 2497 providentia.
1027 2464 1052 2470 -
1081 2439 1202 2482 Paul.
1226 2438 1278 2492 V,
1302 2444 1469 2494 petente
1507 2438 1657 2482 Carolo

82 2519 161 2569 epo
182 2514 510 2566 Wratislavien.,
532 2526 608 2554 suo
629 2513 672 2553 in
692 2511 882 2565 partibus
911 2510 1162 2552 Germaniae
1187 2510 1345 2552 Nuntio
1367 2512 1589 2553 committit
1608 2515 1656 2552 ut

83 2586 257 2640 collegio
287 2599 312 2627 a
332 2584 372 2626 d.
396 2588 473 2638 epo
502 2585 545 2625 in
565 2582 716 2638 oppido
736 2581 977 2634 Glogovien.
1002 2580 1043 2622 d.
1066 2580 1200 2623 dioec.
1223 2586 1362 2623 erecto
1384 2583 1427 2623 in
1447 2586 1654 2623 monaste-

83 2658 146 2699 rio
180 2656 268 2699 ord.
305 2656 482 2698 fratrum
515 2654 556 2697 S.
579 2654 646 2696 Fr.
671 2653 725 2695 ad
759 2654 837 2695 hoc
871 2666 946 2706 per
975 2651 1116 2694 sedem
1150 2657 1284 2706 apost.
1309 2666 1505 2695 concesso
1534 2654 1655 2694 uniat

83 2729 417 2782 praeposituram
437 2727 520 2769 loci
538 2725 753 2768 Schentsel
786 2724 875 2766 ord.
898 2724 1188 2766 Cisterciensis
1208 2737 1316 2778 quae
1351 2737 1377 2766 a
1402 2725 1656 2766 monasterio

84 2798 269 2841 Lubensi
301 2798 544 2841 eorumdem
572 2797 660 2839 ord.
684 2800 726 2838 et
745 2796 878 2838 dioec.
902 2795 1108 2849 dependet
1134 2798 1176 2836 et
1194 2795 1237 2836 in
1266 2809 1350 2850 qua
1378 2809 1486 2838 unus
1515 2808 1658 2837 mona-

86 2870 190 2912 chus
209 2869 351 2924 degit;
373 2870 441 2911 cui
468 2868 676 2911 sufficiens
703 2867 951 2909 sustentatio
981 2865 1242 2919 assignanda.
1267 2865 1336 2909 Fr.
1360 2868 1414 2909 24
1443 2866 1539 2910 duc.
1563 2879 1655 2909 aur.

93 2935 254 2979 Tusculi,
273 2947 357 2971 non.
378 2935 468 2971 Maii
484 2937 569 2970 1616
589 2935 627 2969 Ρ.
646 2944 705 2969 an.
726 2933 791 2969 XI.

1282 3009 1369 3055 Req.
1387 3011 1475 3046 bull.
1494 3010 1559 3043 IV.
1578 3012 1656 3044 271.

1568 3079 1607 3111 18
