1989 3252
325 152 466 197 Pauli
488 152 539 197 V.
996 178 1050 183 —
1078 153 1159 196 274
1188 168 1242 185 —‘
1772 158 1900 204 1616.

405 240 500 283 172.
527 246 759 283 Romanus
781 243 1010 296 Pontifex.
1034 266 1060 271 -
1080 241 1198 284 Paul.
1218 242 1270 295 V,
1290 244 1531 296 petentibus
1547 249 1706 286 rectore
1726 250 1769 286 et
1788 246 1904 288 novi-

322 311 391 350 tiis
421 309 567 351 domus
597 310 715 363 prob.
739 310 782 353 S.
806 311 841 352 Ι.
865 311 1011 353 Leobii
1031 311 1314 367 Salisburgen.
1335 315 1485 368 dioec.,
1506 315 1676 358 officiali
1696 316 1904 359 Salisbur-

321 395 415 435 gen.
438 383 665 423 committit
699 388 746 424 ut
778 397 874 424 cum
908 383 948 426 d.
973 384 1095 426 domo
1117 399 1141 426 a
1172 385 1434 428 Ferdinando
1454 387 1681 430 archiduce
1703 389 1901 431 Austriae

321 454 365 494 in
384 454 553 507 proprio
574 453 730 508 palatio
750 461 890 496 erecta
918 461 961 497 et
992 456 1170 498 ecclesia
1190 458 1280 499 sine
1302 472 1403 501 cura
1424 459 1464 501 S.
1489 459 1657 501 Ioannis
1688 459 1902 514 Baptistae

321 539 418 566 cum
452 527 476 567 3
511 525 726 567 beneficiis
760 527 1058 569 ecclesiasticis
1093 528 1250 580 dotata,
1274 531 1393 571 uniat
1426 531 1648 573 ecclesiam
1683 533 1774 574 sine
1802 546 1904 574 cura

323 597 371 640 Β.
409 596 461 638 V.
498 596 557 639 M.
593 598 748 639 montis
781 599 941 651 gratiae
962 613 1088 641 nunc.
1112 600 1375 655 Aquilegien.
1401 602 1533 645 dioec.
1571 607 1614 645 et
1643 606 1668 645 5
1698 609 1904 658 perpetua

320 669 529 722 simplicia
563 683 616 711 ex
650 670 674 709 '7
710 683 818 724 quae
837 670 882 711 in
911 684 962 712 ea
982 672 1168 713 existunt
1189 672 1409 727 beneficia,
1433 674 1486 715 ab
1507 675 1732 718 haereticis
1751 689 1826 730 per
1845 678 1897 718 30

321 755 453 783 annos
473 740 658 783 detenta.
682 740 751 783 Fr.
775 743 830 784 24
850 741 945 784 duc.
969 744 1062 784 auri
1080 743 1135 786 de
1157 759 1337 788 camera.

320 807 364 842 R.
384 818 442 851 ap.
462 807 498 842 S.
519 808 568 842 M.
589 808 638 841 M.
658 808 724 843 VH
740 807 813 843 kal.
835 809 925 843 Nov.
946 811 1030 844 1615
1048 810 1088 844 P.
1109 821 1168 845 an.
1188 811 1252 847 XI.

1523 913 1612 957 Rey.
1633 913 1721 949 buil.
1740 914 1806 949 IV.
1826 917 1902 950 341.

404 1020 499 1064 173.
519 1017 569 1060 A.
588 1017 634 1059 P.
650 1017 699 1060 R.
721 1017 777 1060 M.
802 1026 927 1063 Decet
944 1026 1071 1064 Rom.
1093 1025 1370 1075 Pontificem.
1391 1021 1549 1064 —Paul.
1570 1022 1620 1075 V,
1639 1023 1902 1078 supplicante

321 1089 500 1144 Iosepho
521 1091 708 1144 archiep.
732 1090 923 1133 Kiovien.
947 1096 990 1132 et
1010 1091 1217 1134 Halicien.
1242 1093 1421 1134 nationis
1440 1094 1645 1136 ruthenae
1667 1109 1740 1136 seu
1762 1110 1905 1137 russae

321 1162 606 1216 metropolita,
643 1163 849 1216 praecipit
884 1162 1109 1205 Benedicto
1145 1163 1234 1218 Epo
1268 1164 1466 1207 Sabinen.
1505 1164 1628 1208 Card.
1668 1168 1900 1210 Iustiniano

321 1235 547 1289 protectori
581 1234 676 1276 coll.
699 1236 839 1287 graeci
860 1235 910 1276 de
929 1235 1044 1277 Urbe
1065 1241 1106 1278 et
1139 1237 1293 1278 rectori
1329 1251 1402 1291 pro
1436 1243 1624 1292 tempore
1663 1239 1703 1281 d.
1737 1239 1833 1282 coll.
1857 1244 1903 1281 ut

321 1310 502 1360 quatuor
521 1305 809 1348 adolescentes
832 1308 1002 1348 rutheni
1023 1308 1067 1349 in
1088 1307 1128 1350 d.
1152 1308 1328 1362 collegio
1349 1309 1534 1352 alantur.

319 1373 366 1409 R.
384 1384 442 1418 ap.
463 1373 500 1408 S.
518 1374 569 1409 M.
587 1374 637 1408 M.
659 1373 686 1406 ll
708 1373 793 1408 Dec.
813 1375 898 1408 1615
916 1374 956 1408 Ρ.
975 1385 1034 1408 an.
1056 1375 1120 1410 XI.

322 1473 425 1510 Ball.
442 1474 551 1508 Rom.

406 1575 500 1620 174.
536 1575 643 1613 Cum
671 1574 787 1612 sicut
805 1572 1134 1625 fraternitatis.
1158 1601 1183 1606 -
1204 1574 1323 1619 Paul.
1349 1575 1400 1630 V,
1423 1576 1553 1619 Goan.
1587 1582 1628 1619 et
1664 1577 1902 1633 Craugano-

321 1659 410 1688 ren.
434 1645 762 1699 archiepiscopis
797 1651 840 1687 et
875 1646 1008 1699 primo
1044 1645 1288 1701 Inquisitori
1322 1648 1439 1690 haer.
1463 1651 1686 1704 pravitatis
1706 1651 1749 1691 in
1770 1650 1902 1694 Indiis

321 1717 596 1760 orientalibus
627 1717 916 1759 dubitantibus
938 1723 982 1760 et
1009 1718 1325 1761 consulentibus
1361 1734 1415 1762 an
1435 1722 1540 1762 ritus
1561 1722 1731 1776 quidam
1751 1722 1901 1765 brach-

322 1803 493 1831 manum
514 1803 575 1831 VZ.
600 1789 738 1831 lineae
775 1789 995 1831 cuiusdam
1031 1794 1073 1831 et
1102 1791 1297 1844 capillitii
1326 1791 1524 1846 longioris
1544 1794 1588 1835 in
1608 1793 1745 1836 medio
1765 1795 1901 1849 capite

320 1861 512 1915 gestatio,
535 1860 786 1914 sandalique
820 1862 971 1902 cineris
1006 1861 1204 1903 odoriferi
1239 1864 1283 1904 in
1316 1863 1455 1905 fronte
1489 1878 1589 1906 usus
1619 1872 1661 1907 et
1699 1865 1902 1908 lavatoria

319 1933 526 1988 quaedam
561 1933 645 1974 sint
679 1934 796 1986 signa
830 1934 1104 1987 protestativa
1139 1934 1270 1976 falsae
1304 1935 1510 1978 idolorum
1533 1941 1669 1979 sectae
1691 1951 1744 1979 an
1765 1937 1899 1980 solum

318 2005 568 2058 nobilitatis,
604 2018 710 2059 quae
745 2006 918 2046 remotis
952 2007 1227 2047 caeremoniis
1261 2007 1512 2061 quibusdam
1546 2009 1781 2062 gentilitiis,
1804 2023 1901 2051 cum

317 2077 471 2131 quibus
492 2075 991 2129 adhibentur,.reservari
1010 2078 1172 2130 possint
1191 2078 1244 2119 ab
1263 2079 1315 2119 iis
1336 2080 1408 2132 qui
1431 2079 1657 2133 baptisant‚
1675 2082 1900 2124 committit

319 2153 366 2190 ut
385 2163 473 2190 rem
494 2148 732 2202 diligenter,
755 2148 868 2190 Goae
884 2151 1138 2203 congregati,
1162 2150 1407 2204 discutiant,
1425 2164 1662 2205 processum
1679 2153 1733 2195 ad
1749 2153 1897 2195 Sedem

317 2226 449 2275 apost.
474 2221 780 2274 transmittant,
803 2224 845 2262 et
877 2221 1045 2262 interim
1081 2220 1304 2263 advertant
1339 2227 1384 2263 ut
1419 2228 1621 2278 quantum
1657 2224 1750 2267 fieri
1781 2226 1898 2269 licite

317 2294 471 2349 poterit
490 2293 686 2335 facilitati
706 2293 877 2334 illarum
899 2294 1087 2346 gentium
1108 2295 1388 2336 conversionis
1409 2296 1668 2339 consulatur.

318 2360 363 2395 R.
381 2371 439 2404 ap.
460 2360 496 2394 S.
518 2360 558 2394 P.
577 2360 625 2395 IV
643 2360 718 2395 Ian.
742 2363 825 2395 1616
844 2359 884 2393 P.
904 2370 963 2393 an.
986 2359 1047 2394 XI.

1467 2462 1554 2505 Req.
1574 2462 1661 2498 bule.
1682 2463 1746 2496 IV.
1766 2466 1843 2502 251.
1863 2464 1899 2500 b.

403 2558 494 2605 175.
534 2563 623 2604 Tuo
642 2561 826 2604 nomine
846 2563 988 2604 nobis.
1012 2583 1039 2590 -
1072 2558 1177 2601 Paul
1201 2558 1234 2602 V
1255 2557 1438 2603 Martino
1471 2561 1523 2603 de
1553 2562 1717 2605 Padilla
1750 2564 1896 2617 presb.

317 2629 362 2674 S.
383 2627 420 2675 I.
442 2630 495 2672 ad
524 2631 713 2673 ordinem
746 2631 924 2672 fratrum
959 2633 1230 2673 eremitarum
1251 2632 1294 2674 S.
1318 2634 1540 2687 Augustini
1561 2634 1611 2676 de
1632 2637 1895 2689 superiorum

317 2715 487 2744 suorum
508 2702 679 2744 licentia
708 2703 887 2744 transire
921 2702 1158 2745 intendenti
1193 2703 1382 2758 indulget
1402 2709 1448 2746 ut
1468 2706 1596 2747 etiam
1616 2707 1896 2749 incontinenti

318 2773 493 2828 ipsoque
512 2773 580 2815 die
600 2774 875 2828 susceptionis
909 2774 1078 2816 habitus
1113 2775 1352 2817 huiusmodi
1381 2777 1683 2830 professionem
1702 2779 1893 2821 emittere

321 2844 454 2886 libero
475 2850 518 2887 et
538 2845 652 2887 licite
672 2845 826 2888 valeat.

316 2910 361 2946 R.
381 2922 438 2955 ap.
460 2911 496 2945 S.
517 2912 566 2946 M.
586 2912 635 2947 M.
656 2911 746 2947 XIX
761 2912 839 2947 Ian.
861 2914 945 2948 1616
966 2913 1007 2948 P.
1026 2923 1085 2948 an.
1106 2913 1168 2948 XI.

1517 3015 1607 3061 Περ.
1627 3015 1714 3050 buu.
1735 3016 1800 3052 IV.
1819 3019 1894 3053 252.
