1989 3252
99 205 237 258 Greg.
256 202 357 246 XV.
767 223 823 229 —
850 199 930 238 299
959 222 1014 227 —
1545 193 1676 237 1622.

101 289 260 330 tionem
277 287 416 340 pretio
434 289 515 329 200
532 287 626 328 duc.
640 286 745 327 situs
760 285 882 326 vacui
897 288 940 325 et
955 284 1101 325 domus
1116 279 1410 336 praebendalis
1425 279 1468 319 in
1483 277 1682 331 parochia

107 359 151 401 S.
173 357 378 399 Marcelli.

106 425 151 459 R.
169 435 227 467 ap.
247 423 283 458 S.
304 423 346 457 P.
366 423 414 457 VI
433 422 480 457 id.
503 425 588 466 Apr.
610 425 692 457 1622
710 421 751 457 Ρ.
771 432 830 455 an.
845 421 890 456 Π.

1306 525 1394 569 Req.
1415 523 1504 558 bull.
1531 523 1569 557 V.
1588 524 1631 557 73
1647 522 1683 556 b.

184 642 252 685 31.
291 644 435 685 Quam
455 640 619 680 dilecta
639 637 950 679 tabernacula.
974 659 999 664 —
1019 634 1206 686 Gregorii
1220 631 1298 673 XV
1319 631 1451 673 Breve
1479 629 1532 672 ad
1558 628 1685 670 Caro—

104 710 191 751 lum
213 723 238 751 a
258 707 531 760 Lotharingia
551 706 795 760 episcopum
819 703 1049 746 Virdunen.
1068 718 1151 758 quo
1167 703 1356 756 indulget
1371 707 1418 744 ut
1433 701 1685 744 Societatem

105 781 203 823 Iesu
223 779 495 834 ingrediatur.

45 885 48 889 ,
105 846 213 882 XXII
228 848 314 890 Apr.
336 848 431 882 1622.

1434 945 1582 982 E'lench.
1602 946 1690 980 buu.

190 1066 263 1110 32.
297 1063 348 1103 A.
367 1061 400 1102 P
433 1061 484 1102 R.
502 1059 561 1102 M.
587 1063 813 1117 Splendor
824 1065 1052 1116 paternae
1070 1061 1263 1115 ylorz'ae.
1282 1057 1442 1109 -Greg.
1460 1054 1537 1096 XV
1554 1053 1690 1095 indul-

109 1135 292 1190 gentiam
314 1133 549 1187 plenariam
571 1133 614 1172 in
635 1136 884 1185 perpetuum
907 1129 1097 1172 concedit
1116 1143 1191 1183 pro
1212 1129 1331 1170 festis
1352 1127 1422 1170 SS.
1440 1127 1592 1180 Ignatii
1607 1125 1686 1167 ult.

110 1206 193 1249 Iul.
216 1209 256 1248 et
280 1205 426 1246 Franc.
449 1203 622 1245 Xaverii
642 1205 668 1244 2
688 1202 777 1244 dec.

109 1273 154 1308 R.
174 1283 230 1315 ap.
254 1270 289 1306 S.
309 1271 358 1305 M.
383 1270 429 1303 M.
450 1269 533 1305 VIII
552 1269 627 1303 Iun.
652 1271 734 1302 1622
753 1268 793 1302 Ρ.
814 1279 874 1301 an.
892 1267 936 1302 II.

1356 1374 1447 1418 Req.
1466 1372 1555 1406 hall.
1581 1373 1616 1405 V.
1637 1375 1691 1407 84.

193 1490 267 1534 33.
298 1487 351 1528 A.
370 1487 417 1528 P.
442 1486 492 1527 R.
517 1485 575 1527 M.
599 1487 824 1542 Splendor
841 1489 933 1540 pat.
956 1487 1148 1539 ylorme.
1170 1507 1196 1513 -
1225 1481 1347 1534 Greg.
1380 1480 1457 1521 XV
1484 1479 1692 1521 visitanti-

110 1560 188 1601 bus
210 1558 447 1612 cappellam
471 1557 618 1598 domus
654 1556 698 1597 S.
723 1555 875 1608 Ignatii
896 1554 1038 1608 oppidi
1059 1568 1132 1595 seu
1154 1553 1235 1594 loci
1262 1552 1312 1593 de
1334 1551 1492 1604 Loyola
1512 1551 1692 1603 Pampe·

112 1631 252 1672 lunen.
277 1629 410 1671 dioec.
434 1629 479 1669 in
500 1627 569 1669 die
604 1628 711 1668 festo
732 1626 919 1668 eiusdem
955 1625 996 1667 S.
1018 1624 1320 1677 indulgentiam
1347 1622 1458 1676 plen.
1483 1623 1526 1663 in
1546 1634 1694 1675 perpe-

113 1705 232 1743 tuum
253 1698 458 1742 concedit.

115 1767 156 1802 R.
176 1778 234 1811 ap.
254 1766 292 1801 S.
311 1766 360 1800 M.
385 1766 433 1798 M.
453 1765 592 1800 XXVII
608 1764 688 1800 Iun.
710 1765 793 1799 1622
811 1763 853 1798 P.
871 1774 931 1798 an.
949 1763 993 1798 II.

1321 1868 1411 1912 Rey.
1432 1867 1521 1902 buu.
1547 1868 1584 1900 V.-
1603 1869 1644 1901 84
1662 1868 1696 1901 b.

199 1986 272 2030 34.
309 1984 381 2024 Ad
401 1983 664 2037 auqendam
684 1982 905 2034 fidelium.
929 2003 955 2009 -—
975 1977 1099 2030 Greg.
1121 1975 1198 2017 XV
1218 1977 1262 2017 in
1283 1976 1474 2017 ecclesiis
1503 1973 1698 2016 omnibus

117 2054 161 2094 in
181 2067 267 2094 una
287 2067 339 2094 ex
361 2052 581 2093 dominicis
611 2050 837 2092 cuiuslibet
857 2051 1027 2100 mensis,
1052 2047 1202 2102 quibus
1232 2047 1469 2088 communio
1488 2044 1696 2099 generalis

117 2124 396 2166 sollicitudine
430 2123 676 2164 clericorum
712 2135 798 2174 reg.
834 2122 874 2163 S.
907 2120 943 2162 I.
976 2125 1137 2173 agetur,
1166 2116 1574 2160 communicantibus
1609 2116 1694 2157 ind.

119 2196 230 2250 plen.
255 2193 460 2237 concedit.
487 2193 550 2234 Ad
570 2194 850 2246 septennium.

120 2261 166 2297 R.
185 2272 243 2304 ap.
264 2260 300 2296 S.
320 2260 369 2295 M.
390 2259 442 2295 M.
461 2259 529 2294 XV
548 2259 613 2292 Iul.
635 2259 673 2293 P.
695 2270 753 2292 an.
776 2259 816 2292 11.

1325 2365 1414 2408 Ray.
1435 2363 1522 2397 bun.
1549 2362 1586 2397 V.
1605 2364 1647 2398 84
1664 2363 1698 2396 b.

206 2490 278 2534 35.
311 2487 362 2529 A.
378 2487 425 2529 P.
444 2486 494 2528 R.
514 2485 571 2528 M.
598 2488 870 2542 Sz’nyulares
890 2490 1025 2541 atque
1044 2487 1206 2528 eoez'mz‘z'
1222 2487 1417 2539 fructus.
1437 2507 1463 2512 -
1483 2480 1606 2534 Greg.
1625 2479 1701 2521 XV

124 2558 315 2600 concedit
336 2558 377 2600 S.
402 2558 437 2599 I.
460 2557 705 2598 facultatem
741 2569 850 2597 nova
870 2555 1061 2608 collegia,
1084 2555 1230 2597 domus
1259 2553 1519 2607 probationis
1540 2557 1582 2593 et
1601 2552 1702 2593 resi-

127 2629 289 2671 dentias
312 2643 366 2671 ex
386 2628 620 2670 redditibus
641 2627 907 2679 collegiorum
930 2638 1003 2666 seu
1024 2618 1240 2666 domorum
1262 2623 1501 2665 huiusmodi
1520 2624 1705 2664 victuras

127 2700 263 2741 ubivis
297 2699 484 2752 erigendi
518 2697 866 2740 nonobstantibus
888 2696 1065 2737 decretis
1095 2709 1170 2748 per
1195 2695 1336 2736 cardd.
1361 2709 1453 2747 sup.
1478 2693 1705 2747 Regulares

132 2771 181 2811 17
216 2784 310 2824 aug.
346 2772 451 2811 1622
486 2769 606 2810 editis
639 2774 681 2810 et
720 2767 1052 2810 ordinationibus
1092 2766 1335 2819 apostolicis
1373 2766 1417 2805 in
1451 2764 1706 2806 contrarium

129 2841 350 2882 concessis.

129 2906 172 2941 R.
192 2917 249 2949 ap.
269 2906 305 2940 S.
327 2906 375 2940 M.
395 2906 444 2940 M.
465 2905 572 2941 XXX
589 2905 657 2940 Iul.
679 2908 764 2940 1622
782 2905 821 2939 Ρ.
842 2915 902 2939 an.
920 2904 964 2940 11.

1240 3012 1325 3053 Ray.
1346 3010 1434 3044 buza.
1462 3009 1656 3049 v.85,117
1673 3007 1707 3042 b.
