1989 3252
683 494 1266 568 CLEMENTIS
1314 496 1521 569 XIV.

293 726 461 761 Clemens
492 728 584 767 XIV,
608 728 918 771 BurgopacensiS,
939 728 981 762 fr.
1003 729 1221 763 Laurentius
1239 730 1468 771 Ganganelli.
1490 730 1575 765 Ord.
1599 732 1894 766 conventualium

382 783 416 817 S.
437 783 635 818 Francisci.
657 784 920 817 intercessione
950 784 1139 818 cuiusdam
1161 796 1179 818 e
1199 786 1331 818 nostris
1366 785 1515 819 Romam
1546 791 1695 820 vocatus
1714 792 1747 822 et
1767 799 1895 830 regens

384 838 526 880 collegii
550 838 585 872 S.
608 838 887 872 Bonavonturae
920 839 1050 881 faetus,
1069 850 1165 873 anno
1185 842 1269 874 1743
1300 840 1422 874 theses
1452 842 1497 874 ab
1529 852 1600 874 uno
1619 853 1638 875 e
1663 842 1738 876 suis
1768 854 1896 886 propu-

383 895 549 935 gnandas
578 893 613 927 S.
637 894 777 936 Ignatio
796 894 839 927 de
859 895 995 936 Loyola
1025 894 1183 928 dedicari
1206 895 1331 929 voluit.
1351 897 1457 929 Anno
1486 898 1582 939 1759,
1602 897 1780 931 Clementi
1798 898 1896 936 XIII.

385 949 446 991 qui
466 949 675 992 religiosum
696 949 855 990 aliquem
887 959 990 983 sacra
1007 960 1167 992 purpura
1195 961 1327 984 ornare
1357 951 1554 993 cogitabat.
1574 962 1594 984 a
1619 952 1795 986 cardinali
1821 953 1897 997 Spi—

381 1004 467 1037 nelli
488 1009 525 1038 ut
540 1005 756 1038 iesuitarum
776 1004 917 1038 amicus
947 1004 1167 1046 propositus,
1195 1005 1393 1038 cardinalis
1410 1005 1465 1040 tit.
1483 1005 1519 1040 S.
1540 1006 1725 1040 Laurentii
1743 1007 1779 1041 in
1798 1008 1898 1042 Pane

386 1064 420 1092 et
440 1070 550 1101 perna
565 1063 708 1093 creatus
726 1063 793 1099 est,
810 1059 894 1092 dein
913 1059 967 1093 tit.
990 1058 1053 1093 SS.
1074 1059 1142 1094 XII
1157 1060 1413 1102 Apostolorum
1432 1061 1583 1103 accepit.
1600 1061 1688 1097 XIX
1705 1062 1794 1096 Maii
1814 1065 1898 1098 1769

383 1114 520 1147 electus
538 1113 651 1157 Papa,
671 1113 830 1148 XXVIII
855 1113 1018 1147 eiusdem
1040 1114 1172 1148 mensis
1197 1114 1390 1157 episcopus
1417 1120 1664 1157 consecratus,
1684 1120 1720 1151 et
1734 1117 1784 1152 IV
1804 1117 1897 1152 Iunii

383 1173 577 1203 coronatus
596 1173 661 1203 est.

292 1225 419 1259 Mense
435 1224 528 1259 Iulio
557 1224 602 1257 ad
626 1233 749 1266 regem
768 1222 910 1257 Galliae
939 1223 1083 1266 scripsit
1099 1223 1165 1257 sibi
1197 1235 1269 1258 non
1294 1224 1403 1258 licere
1427 1225 1637 1269 vituperare
1668 1226 1723 1260 vel
1750 1227 1897 1261 abolere

382 1279 594 1314 Institutum
613 1277 649 1312 S.
674 1279 696 1312 l.
717 1289 737 1311 a
755 1278 911 1312 concilio
930 1278 1146 1312 Tridentino
1165 1283 1200 1312 et
1217 1290 1237 1312 a
1258 1282 1296 1313 19
1316 1280 1657 1322 praedecessoribus
1675 1281 1751 1314 suis
1768 1292 1896 1325 appro-

384 1336 523 1374 batum,
543 1338 711 1376 paratum
740 1338 863 1368 tamen
890 1344 927 1367 se
956 1334 1199 1376 profitebatur
1222 1335 1266 1368 ad
1298 1335 1494 1369 concilium
1523 1336 1729 1378 cogendum
1759 1336 1796 1370 in
1825 1348 1896 1379 quo

381 1390 430 1424 ies,
447 1389 537 1424 litae
551 1399 697 1422 causam
712 1399 816 1422 suam
835 1392 1012 1432 agerent;
1036 1388 1308 1431 imperatorem,
1330 1401 1504 1433 regesque
1524 1390 1713 1424 Sardiniae
1736 1399 1772 1426 et
1789 1391 1895 1425 Prus-

384 1444 459 1478 siae
477 1444 512 1477 in
534 1443 727 1478 Societatis
745 1443 902 1487 gratiam
919 1444 963 1477 ad
981 1454 1018 1477 se
1036 1443 1176 1478 litteras
1193 1444 1382 1488 scripsisse
1400 1445 1569 1480 addebat.
1591 1445 1705 1480 Porro
1723 1445 1899 1481 ditionem

383 1498 674 1533 Avenionensem
695 1505 728 1532 et
762 1498 1057 1533 Beneventanam
1075 1498 1229 1532 alienari
1248 1510 1268 1532 a
1297 1503 1392 1533 statu
1412 1499 1607 1534 Pontificio
1638 1500 1802 1542 iniquum
1820 1512 1897 1535 esse

383 1555 534 1596 solaque
564 1554 595 1587 vi
616 1554 652 1587 id
682 1553 761 1587 fieri
792 1564 896 1596 posse
926 1554 1209 1596 protestabatur.
1231 1554 1385 1588 Demum
1413 1565 1510 1589 anno
1542 1557 1639 1596 1773,
1669 1566 1691 1589 a
1718 1556 1898 1590 ministris

382 1620 508 1651 regum
540 1610 823 1643 boi-bonicorum
850 1614 886 1643 et.
916 1610 1111 1652 praecipue
1141 1620 1162 1641 a
1190 1610 1323 1644 comite
1352 1610 1395 1643 de
1424 1610 1574 1644 Florida
1600 1611 1749 1652 Bianoa,
1770 1621 1897 1654 pacem

384 1664 639 1705 universalem,
661 1664 690 1697 si
720 1664 902 1698 exstincta
926 1669 1021 1698 esset
1052 1664 1229 1707 Societas,
1249 1664 1517 1708 pollicentibus,
1537 1666 1758 1708 compulsus,
1790 1667 1897 1700 breve

384 1721 567 1754 Dominus
591 1730 633 1753 ac
649 1720 886 1761 Redemptor,
906 1719 1009 1753 cuius
1039 1719 1190 1762 ipsemet
1217 1719 1407 1754 exordium
1428 1721 1506 1755 Rem
1528 1721 1707 1764 pacificus
1736 1721 1894 1765 scripsit,

382 1766 423 1810 2'1
440 1775 524 1811 Iulii
541 1774 781 1817 subsignavit,
811 1779 847 1808 et
867 1777 905 1809 16
934 1776 1028 1818 Aug.
1048 1774 1188 1809 Romae
1219 1775 1397 1818 publicari
1427 1780 1461 1810 et
1489 1776 1695 1810 executioni
1728 1776 1893 1810 mandari

382 1830 503 1865 iussit.

295 1886 517 1920 Numerabat
533 1885 696 1920 Societas
714 1889 735 1920 ὃ
751 1885 991 1926 assistentias,
1006 1888 1047 1920 41
1067 1885 1285 1929 provincias,
1298 1888 1339 1919 24
1358 1886 1484 1919 domos
1502 1886 1692 1929 professas
1708 1889 1750 1921 61
1766 1887 1891 1922 domos

382 1942 619 1985 probationis,
637 1943 698 1977 171
717 1941 926 1982 seminaria,
941 1944 1006 1976 669
1033 1941 1200 1984 collegia,
1217 1944 1280 1976 340
1302 1941 1519 1976 residentias
1532 1945 1568 1976 et
1591 1945 1655 1977 273
1674 1942 1863 1976 missiones
1884 1957 1892 1976 z

382 1998 576 2033 universim
596 1998 713 2032 socios
731 2001 865 2040 22‚589.
884 1998 950 2040 (De
969 1998 1136 2040 Novaes).

378 2294 417 2336 1.
453 2293 716 2335 coelestium
740 2305 999 2334 munerum.
1033 2314 1058 2320 -
1096 2289 1226 2332 Clem.
1265 2289 1363 2330 XIV
1399 2294 1569 2344 petente
1605 2289 1731 2331 Laur.
1768 2289 1886 2331 Ricci

298 2362 449 2415 Praep.
473 2362 580 2403 Gen.
614 2362 890 2403 missionariis
925 2360 967 2403 S.
992 2361 1046 2415 I.‚
1070 2362 1144 2403 ubi
1178 2367 1321 2403 tamen
1355 2375 1438 2403 non
1472 2365 1597 2404 erunt
1632 2362 1886 2403 missionarii

296 2433 445 2488 Congr.
470 2434 520 2475 de
542 2447 658 2487 prop.
684 2433 782 2486 fide,
806 2437 848 2474 et
867 2433 1064 2475 fidelibus
1094 2433 1147 2475 ad
1168 2447 1272 2488 quos
1293 2434 1546 2475 accesserint
1567 2438 1701 2487 apost.
1728 2433 1878 2476 bened.

294 2510 334 2547 et
374 2506 534 2558 plenar.
570 2504 873 2558 indulgentiam
908 2504 960 2546 ad
996 2506 1263 2559 septennium
1295 2504 1499 2546 concedit.
1533 2503 1634 2559 (Cfr.
1666 2504 1729 2546 Cl.
1763 2493 1883 2556 XIII,

293 2591 335 2619 n.
359 2579 427 2619 24.

295 2644 336 2678 R.
356 2654 413 2686 ap.
434 2579 468 2677 S
488 2645 539 2679 M.
561 2643 608 2677 M.
630 2643 699 2678 XII
717 2643 785 2677 Iul.
807 2646 892 2678 1769
912 2643 953 2678 Ρ.
972 2654 1030 2677 an.
1053 2643 1079 2677 1.

290 2763 384 2797 Nor«.
405 2763 495 2798 buli.
514 2764 548 2797 S.
568 2764 597 2797 I.
619 2775 651 2806 p.
672 2766 748 2798 312.
768 2782 811 2787 —
834 2764 921 2807 Typ.
941 2774 1036 2798 cam.
1056 2774 1117 2807 ap.
1735 2764 1880 2799 Bullae.

373 2890 414 2933 2.
449 2891 653 2932 Essemlo
674 2892 700 2931 ὰ
724 2895 809 2932 Nol
828 2890 907 2932 ben
930 2894 1053 2932 nota.
1089 2913 1114 2917 —
1149 2886 1280 2929 Clem.
1305 2886 1404 2928 XIV
1426 2888 1581 2929 comite
1618 2887 1668 2929 de
1704 2887 1879 2941 Oeyras,

290 2958 525 3000 fidelissimi
541 2960 650 3012 regis
672 2960 804 3013 primo
821 2960 1012 3000 ministro
1034 2958 1085 3000 de
1107 2958 1148 3001 S.
1169 2958 1273 3000 Sede
1295 2958 1401 3000 bene
1423 2960 1574 3000 merito
1597 2960 1879 3001 communicat

290 3045 412 3071 suum
448 3031 704 3073 desiderium
725 3035 771 3072 ut
806 3029 1009 3073 offeratur
1029 3031 1109 3072 sibi
1145 3030 1429 3084 promovenda
1448 3030 1502 3072 ad
1537 3044 1699 3072 sacram
1721 3044 1878 3085 purpu-
