1989 3252
301 187 466 231 Innoe.
487 187 600 231 XII.
975 210 1029 216 —
1056 187 1137 227 426
1168 211 1221 217 -
1765 190 1902 237 1700.

383 274 452 318 61.
484 272 536 314 Α.
560 272 609 315 F.
631 272 682 315 R.
702 273 761 315 M.
789 281 1004 319 Omm'unz
1022 277 1177 319 saluti.
1198 299 1223 306 -
1244 274 1338 317 Inn.
1357 273 1445 316 XII
1465 275 1601 317 altare
1621 288 1697 329 per
1717 275 1892 319 Ordina-

300 343 412 385 rium
433 342 754 397 designandum,
780 345 939 386 ibidem
960 345 1216 399 privilegiat.

302 409 343 444 R.
364 420 422 453 ap.
444 409 480 445 S.
502 410 553 445 M.
573 410 621 445 M.
639 411 693 446 IX
711 412 800 446 Nov.
826 413 912 446 1699
929 412 970 447 P.
990 423 1049 447 an.
1068 412 1132 447 IX.

1517 523 1599 566 κερ.
1622 523 1710 557 bun.
1741 524 1817 559 VH.
1839 528 1895 560 66.
1972 495 1989 531 ’Ξ

387 633 459 678 62.
494 631 535 673 S.
561 630 712 683 Congr.
747 631 874 693 Cone.
900 655 925 662 -
962 629 1232 672 Melevitana.
1272 629 1625 684 Reintegrationis
1661 632 1898 674 seminarii.
1979 651 1989 693 ’ἶ

304 702 439 756 Super
473 703 649 756 collegio
685 701 726 744 S.
766 701 800 742 I.
839 715 865 743 a
900 701 1030 743 Clem.
1071 700 1174 743 VIII
1203 702 1292 756 (nn.
1316 702 1357 754 7,
1396 704 1438 755 8,
1476 704 1545 755 29,
1577 704 1647 756 44,
1683 704 1778 755 182)
1807 703 1898 746 loco

305 773 523 815 seminarii
544 773 603 814 ibi
625 778 765 814 erecto
787 778 830 814 et
850 773 1135 826 applicatione
1155 777 1282 814 taxae
1302 772 1445 814 favore
1475 772 1656 827 collegii.
1682 776 1719 825 R)
1739 772 1897 842 Firme-
1981 784 1989 791 ⁸

305 849 375 886 tur
396 849 531 887 status
553 858 694 886 eoram
716 844 1052 899 inquisitoribus.

309 914 347 946 12
365 911 451 946 Dec.
473 914 570 947 1699.

304 1020 419 1054 Anac.
438 1021 518 1054 Iar.
540 1020 651 1054 Pom.
672 1019 740 1059 IX,
759 1022 835 1054 622.

391 1132 463 1177 63.
490 1131 538 1173 A.
563 1130 609 1172 P.
643 1130 694 1172 R.
732 1130 787 1171 M.
815 1138 923 1175 Cam.
944 1136 1060 1174 sicut
1081 1133 1356 1187 accepimus.
1381 1155 1408 1161 -
1436 1129 1531 1172 Inn.
1555 1129 1637 1172 XII
1668 1130 1899 1172 confrater-

307 1203 430 1244 nitati
451 1217 525 1244 seu
547 1203 860 1256 congregationi
883 1201 1117 1243 devotionis
1138 1201 1186 1244 D.
1209 1201 1263 1244 N.
1286 1201 1320 1243 I.
1346 1202 1421 1244 Ch.
1446 1202 1490 1243 in
1511 1216 1638 1244 eruce
1660 1202 1905 1244 moribundi

308 1288 358 1316 ae
381 1274 426 1316 B.
453 1273 503 1315 V.
528 1274 584 1316 M.
611 1274 702 1315 eius
724 1272 951 1315 Genitrieis
973 1272 1190 1315 dolorosae
1225 1272 1279 1314 ad
1301 1273 1408 1315 bene
1445 1273 1709 1316 moriendum
1736 1278 1904 1316 erectae

310 1346 469 1399 indulg.
510 1346 620 1400 plen.
645 1346 689 1386 in
724 1359 808 1386 una
837 1359 889 1386 ex
925 1344 1146 1386 dominicis
1181 1344 1372 1399 quolibet
1407 1358 1553 1386 mense
1588 1345 1794 1397 concedit,
1828 1359 1904 1399 pro

310 1418 535 1471 disciplina
566 1424 609 1458 et
639 1418 881 1458 visitatione
911 1416 980 1458 SS.
1006 1416 1267 1458 Sacramenti
1298 1417 1342 1458 in
1363 1431 1447 1458 una
1477 1416 1691 1458 dominica
1719 1416 1744 1457 7
1773 1430 1905 1458 annos
1981 1410 1985 1412 ⁷

310 1494 353 1531 et
374 1489 666 1544 quadragenas
685 1489 866 1530 relaxat.

310 1558 353 1592 R.
374 1569 430 1599 ap.
457 1557 492 1590 S.
516 1556 563 1590 M.
585 1557 621 1591 M
654 1556 708 1592 IX
726 1556 802 1591 Ian.
825 1558 909 1590 1700
926 1556 966 1590 P.
987 1565 1046 1588 an.
1067 1555 1130 1590 IX.

1528 1663 1617 1707 Req.
1636 1661 1726 1696 hall.
1749 1661 1830 1695 VII.
1849 1663 1905 1695 70.

397 1777 469 1820 (34.
504 1774 555 1814 A.
593 1773 639 1814 F.
678 1773 728 1816 R.
769 1773 828 1814 M.
853 1776 1370 1830 Εωροηῑηοὸὶεἰηιρθν.
1409 1796 1435 1802 -
1470 1771 1565 1813 Inn.
1602 1770 1703 1823 XII,
1740 1774 1910 1824 petente

315 1845 571 1888 Provinciali
606 1853 722 1898 prov.
761 1832 940 1898 Angliae
959 1833 1014 1886 S.
1054 1845 1109 1897 I.,
1146 1857 1221 1897 pro
1256 1843 1323 1885 die
1358 1842 1666 1885 communionis
1699 1841 1908 1896 generalis

316 1917 528 1959 dominica
558 1916 786 1958 cuiuslibet
822 1917 994 1968 mensis,
1018 1916 1061 1957 in
1097 1916 1201 1957 eccl.
1221 1915 1265 1957 S.
1290 1915 1325 1956 I.
1357 1914 1424 1956 vel
1455 1914 1585 1955 etiam
1614 1912 1903 1955 saecularibus

317 1989 368 2031 de
388 2002 594 2030 consensu
622 1987 851 2039 Ordinarli,
872 1988 938 2028 vel
971 1988 1280 2029 communionis
1311 1990 1569 2038 menstruae,
1591 1999 1676 2040 qua
1704 1984 1773 2026 die
1794 1997 1908 2025 eom-

316 2060 486 2102 modum
508 2059 704 2100 fidelibus
726 2059 868 2111 fuerit,
893 2059 1197 2113 indulgentiam
1221 2057 1455 2113 plenariam
1476 2056 1683 2098 concedit.

315 2127 361 2162 R.
380 2138 437 2170 ap.
460 2126 496 2161 S.
518 2127 565 2161 M.
586 2126 636 2161 M.
657 2125 706 2160 VI
727 2127 831 2160 Mart.
856 2128 939 2161 1700
960 2126 1002 2161 P.
1022 2137 1080 2159 an.
1100 2126 1164 2161 IX.

319 2236 418 2270 Bull.
441 2236 545 2271 Rom.
565 2254 608 2260 -
627 2236 726 2269 Bull.
747 2236 793 2269 (le
807 2246 963 2279 pmpaq.
984 2237 1058 2275 fide
1076 2235 1128 2268 II.
1151 2238 1224 2269 190.
1463 2234 1597 2276 Oriqin
1616 2235 1657 2266 in
1678 2233 1911 2274 Sconyhurst.
