1989 3252
265 185 410 229 Clem.
432 182 517 227 XI.
933 206 985 212 —
1013 181 1094 222 438
1125 207 1178 212 —
1719 181 1854 227 1709,

345 273 411 314 51.
449 272 519 312 Art
539 272 819 324 stupendam.
843 293 868 299 -
888 267 1020 310 Clem.
1046 267 1104 308 XI
1125 267 1483 310 Christifidelibus
1506 267 1744 320 cappellam
1775 268 1853 310 sub

265 344 400 383 invoc.
437 339 485 381 B.
526 339 583 381 M.
624 339 674 381 V.
699 340 751 382 de
784 339 936 381 Strada
970 353 1097 381 nunc.
1122 341 1163 380 in
1200 340 1303 381 eccl.
1327 338 1398 381 SS.
1437 338 1559 380 Nom.
1584 338 1681 379 Iesu
1707 338 1855 380 domus

265 412 370 466 prof.
395 411 496 453 cler.
520 424 605 464 reg.
630 410 671 453 S.
710 411 744 453 I.
785 411 837 452 de
871 410 987 452 Urbe
1022 410 1289 451 visitantibus
1324 409 1391 450 die
1425 409 1531 450 festo
1566 410 1853 462 conceptionis

263 482 452 525 eiusdem
488 481 536 524 B.
563 482 622 524 M.
662 481 712 524 V.
751 481 1056 524 Immaculatae
1092 487 1135 522 et
1167 480 1578 523 communicantibus
1612 479 1727 533 plen.
1765 479 1852 522 ind.

266 554 473 596 concedit.
499 553 712 608 Perpetuo
733 554 941 595 valituris.

262 621 306 655 R.
326 628 387 663 ap.
406 620 443 654 S.
464 619 504 654 P.
524 619 572 654 IV
592 620 679 654 Dec.
701 621 785 654 1708
805 619 845 652 Ρ.
866 630 925 653 an.
949 618 1042 654 VIII.

1458 737 1548 781 Req.
1568 735 1657 769 buu.
1685 735 1764 770 VII.
1782 739 1855 771 109.

347 862 419 906 52.
458 862 803 903 Dominantz'mn
827 860 1063 903 Dominus.
1087 881 1113 887 —
1134 855 1265 898 Clem.
1286 854 1346 896 XI
1366 854 1539 896 mandat
1559 854 1729 896 officiali
1749 856 1857 908 epis-

265 933 360 986 copi
380 930 639 974 Foroiulien.
663 934 712 971 ut
731 943 815 971 non
831 928 1024 970 obstante
1040 927 1341 969 reclamatione
1358 927 1535 980 capituli
1551 926 1701 968 eccles.
1713 939 1858 968 saecu-

265 1004 367 1045 laris
388 1007 432 1044 et
451 1002 699 1056 collegiatae
721 1002 773 1042 de
794 1000 981 1053 Rignans
1002 999 1133 1041 dioec.
1158 998 1415 1041 Foroiulien.
1440 999 1509 1039 cui
1545 1012 1619 1051 per
1648 997 1775 1039 breve
1804 998 1859 1039 ad

264 1076 508 1128 episcopum
530 1073 788 1115 Foroiulien.
813 1073 867 1114 22
887 1071 1059 1113 Ianuar.
1084 1072 1184 1112 anni
1209 1071 1330 1123 1707,
1352 1070 1398 1111 P.
1419 1084 1487 1111 an.
1512 1069 1589 1110 VII
1610 1060 1857 1122 responsum

265 1153 346 1199 est,
370 1146 532 1187 fructus
552 1150 592 1186 et
613 1150 841 1199 proventus
861 1143 1180 1197 praepositurae
1202 1142 1244 1183 d.
1267 1142 1471 1183 ecclesiae
1492 1154 1583 1182 vac.
1604 1154 1679 1195 per
1695 1140 1857 1182 obitum

265 1219 517 1270 Hieronymi
539 1218 579 1258 le
609 1216 810 1258 Pelletier
846 1214 1030 1269 applicet
1056 1214 1256 1256 moderno
1292 1213 1518 1255 seminario
1553 1212 1693 1254 navali
1728 1213 1856 1254 mari-

270 1291 376 1331 timo
398 1290 442 1330 in
464 1289 636 1329 civitate
657 1285 883 1329 Tolonensi
904 1299 930 1327 a
950 1285 1207 1339 presbyteris
1228 1284 1270 1326 S.
1295 1284 1330 1326 Ι.
1369 1284 1544 1336 directo,
1581 1283 1786 1337 dignitate
1817 1289 1860 1325 et

270 1361 434 1403 iuribus
454 1361 771 1414 praepositurae
790 1358 845 1400 ad
865 1357 1073 1399 decanum
1107 1356 1340 1399 secundum
1375 1356 1415 1398 d.
1442 1357 1644 1398 ecclesiae
1678 1355 1859 1408 dignita-

268 1435 379 1475 rium
400 1432 636 1474 translatis

270 1501 311 1535 R.
331 1511 390 1543 ap.
410 1499 444 1534 S.
467 1499 507 1533 P.
529 1498 595 1533 XV
615 1498 690 1533 kal.
713 1498 818 1531 Mart.
843 1499 926 1531 1708
945 1496 985 1530 Ρ.
1006 1507 1065 1530 an.
1085 1496 1150 1531 IX.

1307 1615 1430 1649 Fund.
1446 1625 1552 1657 prov.
1573 1615 1692 1657 Luyd.
1716 1613 1861 1648 Miscell.

352 1744 423 1789 53.
457 1748 512 1785 In
532 1746 676 1797 apost.
700 1743 944 1796 diym‘lacc‘s
963 1742 1089 1782 solio.
1113 1762 1139 1768 —
1168 1736 1300 1779 Clem.
1342 1735 1420 1789 XI,
1443 1735 1684 1789 petentibus
1704 1733 1858 1788 Ioseph

271 1814 420 1856 Benito
441 1813 493 1854 de
514 1812 676 1854 Lancos
693 1810 731 1852 N
735 1811 842 1852 oboa
858 1817 860 1819 '
878 1811 1023 1852 Castro
1044 1824 1070 1862 y
1094 1809 1293 1850 Andrada
1313 1814 1355 1849 et
1384 1807 1521 1849 Maria
1551 1807 1753 1848 Theresia
1781 1805 1861 1848 Ta-

275 1886 410 1928 boada
429 1884 576 1926 Castro
610 1898 637 1937 y
674 1882 941 1934 Villamarin,
964 1881 1212 1934 coniugibus
1234 1886 1276 1922 et
1310 1879 1534 1922 comitibus
1554 1878 1606 1921 de
1628 1878 1800 1920 Mazeda
1821 1882 1863 1918 et

271 1943 485 2008 Taboada‚
508 1969 556 1997 ac
591 1955 838 1997 Sebastiano
873 1954 1053 2005 Suane2‚
1076 1953 1214 2006 presb.
1239 1951 1280 1994 S.
1305 1951 1338 1993 I.
1372 1959 1532 1992 rectore
1568 1950 1731 2004 collegii
1751 1949 1792 1991 d.
1818 1949 1859 1990 S.

272 2032 315 2070 in
349 2029 523 2070 civitate
552 2027 765 2078 Auriensi,
787 2025 960 2066 mandat
990 2024 1157 2066 officiali
1187 2023 1373 2077 episcopi
1403 2024 1578 2063 Aurien.
1612 2026 1657 2062 ut
1687 2035 1782 2062 cum
1820 2020 1859 2062 d.

273 2100 449 2153 collegio
470 2112 496 2140 a
515 2100 567 2139 70
590 2099 711 2139 annis
731 2099 929 2150 incoepto,
948 2098 991 2137 in
1007 2110 1088 2150 quo
1110 2097 1181 2136 vix
1201 2099 1362 2149 septem
1377 2094 1611 2148 presbyteri
1629 2092 1863 2134 redditibus

273 2172 503 2214 sustentari
537 2170 694 2221 valent,
727 2170 848 2210 uniat
882 2168 1081 2210 ecclesias
1117 2168 1378 2222 parochiales
1412 2166 1452 2209 S.
1491 2165 1782 2219 Christophori
1812 2164 1863 2205 de

272 2320 381 2367 tuta,
399 2316 521 2355 iuxta
536 2314 864 2354 instrumentum
885 2311 1100 2366 publicum
1117 2311 1185 2352 cui
1200 2311 1254 2352 ab
1268 2311 1501 2364 Augustino
1520 2308 1684 2351 Dabbal
1698 2308 1863 2349 notario

275 2386 363 2426 sive
382 2384 575 2426 scribano
597 2383 678 2425 loci
708 2382 759 2424 de
781 2382 913 2424 Ponte
944 2381 1084 2424 Vedra
1112 2384 1164 2423 25
1187 2383 1293 2435 Aug.
1321 2383 1426 2424 1705
1447 2381 1580 2434 rogati
1602 2379 1669 2421 dd.
1696 2378 1861 2432 patroni

273 2460 590 2498 consenserunt.
614 2454 682 2497 Fr.
709 2456 786 2497 128
808 2458 850 2495 et
874 2455 952 2495 172
974 2454 1067 2495 duc.
1093 2454 1184 2495 auri
1208 2453 1259 2495 de
1281 2466 1463 2495 camera.

271 2523 315 2558 R.
336 2534 393 2567 ap.
415 2522 450 2557 S.
471 2523 512 2558 P.
531 2522 577 2558 111
597 2532 683 2555 non.
704 2522 790 2564 Apr.
813 2523 897 2556 1709
916 2521 957 2555 P.
976 2531 1035 2554 an.
1056 2520 1107 2556 IX

1381 2641 1467 2684 Κεφ.
1487 2640 1576 2675 bule.
1604 2639 1681 2674 VII.
1704 2639 1861 2674 llo-120.

355 2765 428 2809 54.
463 2766 534 2808 Ad
551 2765 830 2820 auyendam.
853 2786 880 2792 -—
907 2761 1040 2804 Clem.
1072 2759 1134 2802 XI
1153 2760 1346 2804 concedit
1373 2759 1656 2814 indulgentias
1675 2772 1750 2812 pro
1771 2770 1862 2799 ora-

277 2834 392 2877 tione
407 2837 461 2876 40
482 2834 573 2876 hor.
597 2835 641 2876 in
662 2833 765 2876 eccl.
789 2833 831 2874 S.
855 2832 890 2874 I.
913 2833 966 2874 ad
987 2834 1255 2886 septennium
1273 2831 1375 2886 (Cfr.
1400 2847 1439 2875 n.
1468 2834 1536 2885 14)

274 2902 304 2936 V
323 2902 392 2937 Iul.
413 2903 512 2937 1709.

1603 3017 1755 3052 Elench.
1775 3016 1864 3051 bule.
