1989 3252
82 223 218 277 Greg.
239 223 339 267 XV.
749 248 804 253 —
834 225 913 264 293
942 248 995 254 -
1528 228 1654 273 1621.

163 310 204 352 6.
237 309 287 350 A.
313 308 359 350 Ρ.
382 308 434 351 R.
456 308 515 352 M.
539 313 669 353 Alias
681 325 772 366 pro
790 318 937 366 parce.
961 335 986 341 —
1007 311 1129 364 Greg.
1166 311 1243 354 XV
1278 313 1526 354 facultatem
1561 327 1659 356 con-

78 380 337 432 gregationes
357 380 544 433 erigendi
564 386 607 422 et
627 380 679 421 ad
699 380 948 423 Primariam
982 381 1103 425 Rom.
1128 383 1377 437 aggregandi
1406 385 1450 424 in
1470 385 1656 427 residen-

78 451 149 491 tiis
168 449 209 492 S.
233 450 269 492 Ι.
291 464 366 492 seu
388 465 531 493 earum
553 451 740 493 ecclesiis
761 466 836 505 per
857 458 994 494 totum
1020 454 1163 496 orbem
1185 455 1388 497 concedit.

79 517 120 551 R.
138 527 195 560 ap.
217 517 253 551 S.
273 517 315 554 P.
335 518 403 552 XV
422 520 509 561 Apr.
532 521 613 553 1621
635 519 675 552 Ρ.
695 530 790 553 anno
808 520 836 554 I.

75 625 171 660 Νου.
190 625 278 659 buil.
296 626 332 660 S.
351 626 380 660 Ι.
402 628 475 662 137.
652 627 763 661 Brev.
782 634 814 662 ee
831 639 919 662 rese.
940 632 1043 662 auth.
1066 631 1140 666 196.
1160 630 1193 664 b.
1213 649 1256 655 —-
1271 631 1360 674 Κεφ.
1380 631 1469 666 hall.
1492 633 1531 668 V.
1551 634 1605 668 36.
1622 633 1656 667 b.

158 737 197 780 7.
234 738 462 779 Creditam
482 738 624 779 nobis.
657 759 683 766 -
711 735 833 788 Greg.
871 734 964 788 XV,
1006 737 1244 789 petentibus
1278 740 1580 781 communitate
1615 744 1658 781 ⁴et

75 804 316 846 hominibus
336 806 449 847 civit.
474 805 741 859 Spoletanae,
764 808 961 860 episcopo
992 807 1215 861 Spoletano
1246 810 1421 863 eiusque
1442 809 1534 852 Vic.
1557 824 1652 863 gen.

75 876 246 917 mandat
265 882 328 928 ut,
350 881 510 918 attento
532 882 784 918 testamento
806 891 886 931 quo
907 877 1085 920 Ioannes
1115 878 1238 933 Bapt.
1262 880 1383 922 Oliva
1404 881 1654 935 Spoletanus

76 947 177 988 civis
198 947 419 989 ecclesiam
441 949 609 990 immac.
633 962 751 990 conc.
776 948 821 989 B.
848 948 906 990 M.
930 948 980 990 V.
1005 948 1218 1003 Spoletan.
1242 943 1654 996 haeredemuniver-

74 1018 206 1060 salem
225 1019 407 1059 instituit
427 1033 521 1060 cum
542 1019 620 1061 hoc
640 1019 751 1073 quod
773 1019 822 1061 de
845 1034 926 1061 uno
960 1020 1118 1062 lectore
1138 1021 1298 1062 festivis
1320 1022 1467 1064 diebus
1488 1025 1653 1076 praedi-

73 1094 195 1130 cante
215 1093 259 1130 et
279 1089 329 1130 de
349 1103 432 1131 uno
455 1090 708 1131 confessario
730 1090 878 1132 idoneo
900 1091 1086 1145 quotidie
1108 1092 1390 1134 confessiones
1411 1095 1649 1147 excipiente

73 1165 116 1201 et
135 1160 304 1201 missam
339 1160 579 1202 celebrante
613 1161 848 1214 provideret
868 1166 909 1202 et
938 1161 1151 1203 residuum
1186 1163 1397 1205 fructuum
1433 1166 1475 1206 in
1506 1166 1655 1207 missas

72 1244 147 1284 pro
166 1233 378 1272 testatoris
412 1234 554 1273 anima
590 1237 791 1285 erogaret,
815 1238 856 1274 et
876 1247 972 1274 cum
993 1233 1088 1274 aliis
1107 1233 1432 1288 conditionibus,
1457 1236 1497 1278 d.
1522 1236 1653 1279 eccle-

72 1303 176 1344 siam
198 1306 240 1344 et
259 1303 343 1344 alia
364 1303 402 1344 ei
424 1303 563 1357 legata
584 1303 625 1344 d.
650 1304 822 1357 collegio
845 1305 979 1345 uniat.

71 1367 113 1402 R.
132 1379 190 1411 ap.
212 1367 248 1402 S.
266 1369 316 1405 M.
335 1369 386 1404 M.
406 1369 457 1404 XI
475 1369 547 1403 kal.
567 1369 634 1404 Iul.
656 1372 738 1404 1621
759 1370 800 1405 Ρ.
819 1381 878 1405 an.
899 1370 926 1405 Ι.

1266 1481 1354 1524 Ray.
1375 1483 1464 1516 bull.
1483 1483 1523 1519 V.
1541 1487 1595 1519 42.
1617 1486 1651 1519 b.

152 1593 194 1636 8.
227 1590 278 1632 A.
310 1590 356 1632 F.
390 1590 442 1633 R.
464 1590 521 1633 M.
547 1598 599 1635 In
618 1595 992 1648 supereminenti.
1033 1617 1057 1622 —
1092 1591 1215 1646 Greg.
1250 1593 1342 1646 XV,
1380 1596 1651 1649 supplicante

69 1661 264 1715 Philippo
299 1661 420 1715 Hisp.
444 1675 540 1715 rege
572 1662 794 1715 catholico,
818 1663 1025 1716 episcopis
1054 1663 1269 1705 Indi-arum
1300 1665 1431 1708 occid.
1456 1668 1647 1710 concedit

68 1737 116 1774 ut
149 1732 345 1786 gradibus
378 1732 740 1785 baccalaureatus,
758 1733 1067 1786 licentiaturae,
1091 1736 1320 1789 magisterii
1342 1741 1384 1778 et
1405 1737 1645 1780 doctoratus

69 1803 266 1857 insignire
287 1803 456 1845 valeant
475 1809 680 1858 quotquot
714 1805 835 1845 annis
855 1807 879 1845 5
900 1804 1139 1846 studuerint
1175 1807 1217 1846 in
1238 1806 1426 1860 collegiis
1455 1808 1646 1850 formatis

67 1874 406 1927 presbyterorum
442 1873 483 1917 S.
508 1874 542 1916 1.
566 1875 798 1916 insularum
834 1875 1185 1929 Philippinarum,
1208 1891 1257 1918 ac
1279 1877 1329 1919 de
1352 1877 1486 1932 Chile,
1510 1879 1646 1922 Tucu-

67 1944 327 1997 man,Fluvii
343 1946 393 1987 de
410 1945 530 1987 Plata
544 1951 585 1987 et
601 1946 709 1987 Novi
720 1946 851 1999 Regni
867 1946 1136 1989 Granatensis
1147 1954 1187 1989 et
1202 1949 1387 2001 partium
1399 1951 1644 1992 earumdem

66 2015 295 2067 Indiarum,
317 2016 389 2058 ubi
410 2031 492 2058 non
513 2023 611 2058 sunt
631 2018 938 2060 universitates.

70 2082 113 2116 R.
131 2093 188 2125 ap.
208 2082 243 2117 S.
262 2083 312 2117 M.
332 2083 381 2117 M.
400 2083 453 2118 IX
469 2083 548 2117 Iun.
571 2086 651 2118 1621
674 2083 713 2116 Ρ.
731 2095 790 2118 an.
811 2083 838 2118 Ι.

70 2191 164 2225 Buzc.
184 2191 301 2235 Rom.,
319 2192 421 2226 Ball.
442 2192 488 2225 de
502 2202 661 2236 pr0pa9.
681 2192 754 2235 fide
771 2192 800 2224 J.
821 2195 876 2227 67.

147 2312 190 2355 9.
223 2311 272 2350 A.
296 2310 342 2353 F.
366 2309 416 2354 R.
440 2309 498 2352 M.
524 2316 621 2354 Piis
640 2315 981 2355 catholicorum.
1005 2336 1031 2342 -
1052 2311 1174 2365 Greg.
1200 2311 1292 2364 XV,
1316 2318 1486 2365 petente
1510 2313 1640 2357 Wolf-

65 2393 195 2434 gango
229 2380 436 2424 Guilelmo
471 2382 575 2423 duce
609 2382 911 2435 Neoburgensi‚
935 2383 978 2422 in
1011 2382 1164 2435 oppido
1202 2382 1482 2436 Lipstadiensi
1503 2384 1636 2427 dioec.

66 2449 280 2494 Colonien.
302 2452 471 2494 domum
507 2453 636 2506 regul.
661 2454 709 2494 O.
734 2452 803 2494 Fr.
828 2453 965 2494 Erem.
990 2453 1032 2494 S.
1058 2453 1278 2506 Augustini
1313 2468 1338 2495 a
1373 2456 1424 2496 70
1455 2457 1591 2509 annis,
1615 2471 1641 2498 a

65 2526 165 2563 tunc
200 2524 406 2576 religiosis
427 2537 451 2565 a
472 2523 553 2565 fide
583 2524 891 2575 deficientibus,
914 2524 1173 2576 derelictam,
1196 2531 1237 2565 et
1258 2539 1283 2565 a
1302 2528 1329 2566 4
1349 2527 1470 2567 annis
1491 2541 1516 2568 a
1538 2528 1638 2569 cler.

2 2628 6 2633 ,
68 2605 151 2645 reg.
176 2593 215 2634 S.
239 2593 273 2635 I.
299 2599 561 2647 occupatam,
585 2596 835 2635 auctoritate
870 2600 1001 2647 apost.
1040 2595 1093 2635 ad
1127 2596 1365 2648 erigendam
1401 2596 1569 2638 domum
1592 2598 1632 2640 d.

69 2662 110 2704 S.
135 2663 328 2705 concedit
348 2679 442 2705 cum
464 2665 625 2706 iuribus
646 2671 688 2706 et
708 2666 990 2718 pertinentiis.

67 2729 108 2763 R.
128 2740 210 2772 app.
231 2731 266 2764 S.
286 2731 335 2766 M.
354 2731 404 2766 M.
423 2731 510 2766 XVI
526 2732 593 2765 Iul.
616 2734 697 2766 1621
716 2732 756 2766 P.
776 2742 835 2766 an.
853 2732 881 2766 I.

64 2837 306 2882 Reiffimbery,
325 2849 382 2882 op.
400 2841 456 2873 cit.
478 2840 590 2873 Mant.
607 2851 644 2883 p.
666 2842 739 2874 114.
1106 2841 1194 2885 Κεφ
1214 2841 1302 2876 buu.
1330 2841 1367 2876 V.
1388 2844 1428 2877 41
1447 2842 1481 2878 b.
1504 2843 1564 2885 VI,
1583 2848 1638 2879 74.

147 2959 219 3004 10.
252 2965 323 3001 Eoe
340 2965 542 3003 iniuncto
561 2961 702 3003 nobis.
726 2983 751 2989 —
772 2958 893 3011 Greg.
917 2957 1010 3011 XV,
1033 2961 1172 3001 citatis
1204 2960 1286 3002 litt.
1317 2961 1440 3002 Pauli
1460 2961 1503 3002 II
1527 2969 1636 3007 Cum

67 3036 116 3072 in
135 3032 342 3074 omnibus
364 3033 547 3075 iudiciis
570 3032 690 3083 1465,
714 3030 751 3071 V
772 3030 828 3071 id.
869 3030 985 3082 Maii,
1022 3031 1263 3084 petentibus
1293 3032 1450 3074 Ioanne
1480 3033 1530 3075 de
1551 3033 1639 3074 Bil-
