1989 3252
248 190 391 235 Pauli
409 192 462 235 V.
919 215 973 221 —
1001 192 1083 233 282
1110 217 1165 222 —
1709 196 1836 240 1618.

257 276 328 320 SS.
351 280 378 319 4
407 278 710 324 Coronatorum
740 282 946 335 Minium,
976 277 1195 324 Fabricius
1224 280 1277 322 tit
1305 280 1347 322 S.
1375 280 1599 334 Augustini
1628 281 1838 336 Verallus‚

255 348 437 392 Ioannes
465 352 533 393 tit.
566 350 606 394 S.
643 353 875 395 Clementis
904 353 1097 406 Bonsius,
1129 352 1182 393 fr.
1209 351 1467 404 Augustinus
1496 350 1742 394 Galaminus
1770 354 1837 396 tit.

255 420 297 462 S.
322 421 380 463 M.
404 422 641 476 Araecaeli,
664 423 828 479 Gaspar
847 427 913 468 tit.
937 425 977 467 S.
1002 424 1147 469 Crucis
1167 425 1209 465 in
1240 424 1470 465 Ierusalem
1500 424 1665 478 Borgia,
1687 424 1838 468 Cardd.

253 491 545 547 Inquisitores‚
568 495 779 538 Ludovico
799 495 842 539 S.
860 496 896 539 I.
916 497 1155 550 provinciae
1174 494 1465 548 Lugdunensis
1481 495 1729 548 provinciali
1745 510 1841 538 con-

255 563 409 606 cedunt
429 571 477 607 ut
497 566 662 620 aliquos
683 567 900 609 sacerdote
923 567 963 609 S.
983 567 1017 609 I.
1038 568 1081 608 in
1103 566 1287 619 collegiis
1308 565 1349 607 S.
1373 565 1408 607 I.
1433 566 1659 607 Avenionis
1681 571 1723 608 et
1741 567 1844 609 alio-

255 649 348 676 rum
365 635 552 678 locorum
568 639 796 679 comitatus
813 638 1066 692 Venayssini
1085 638 1228 690 eligat,
1247 638 1319 691 qui
1335 636 1579 678 facultatem
1594 637 1842 691 haereticos,

255 707 442 751 fautores
459 723 620 762 eorum,
639 711 683 751 in
700 710 788 753 foro
806 711 1089 753 conscientiae
1118 708 1378 762 absolvendi,
1400 708 1599 751 habeant.
1623 708 1688 750 Ad
1716 710 1844 752 trien-

250 793 384 822 Illum.

255 846 297 882 In
314 857 441 890 congr.
458 858 541 891 gen.
561 847 632 883 IIX
650 847 724 882 kal.
745 847 837 882 febr.
859 848 901 884 P.
919 859 978 882 an.
998 848 1097 884 XIII.

1414 958 1501 1000 Βερ-
1521 957 1613 992 hall.
1630 956 1695 992 IV.
1715 959 1790 993 309.
1811 958 1845 991 b.

340 1069 444 1113 207.
474 1067 525 1109 A.
559 1067 605 1109 P.
639 1067 691 1109 R.
724 1067 785 1110 Μ.
809 1075 882 1112 Eoo
911 1069 1203 1112 incumbenti.
1236 1091 1262 1098 —
1291 1066 1412 1108 Paul.
1449 1067 1481 1107 V
1514 1070 1682 1120 petente
1713 1066 1848 1108 Mutio

260 1136 519 1180 Vitellescho
540 1139 692 1192 Praep.
716 1137 822 1181 Gen.
848 1139 889 1181 S.
922 1138 957 1180 Ι.
992 1138 1349 1192 dispensationem
1379 1139 1423 1179 in
1452 1139 1558 1180 votis
1587 1137 1848 1191 simplicibus

258 1210 542 1263 professorum
564 1210 603 1253 d.
629 1210 671 1252 S.
695 1210 747 1252 de
767 1224 850 1252 non
872 1209 1102 1252 relaxanda
1118 1214 1368 1263 paupertate
1383 1214 1426 1252 et
1446 1209 1497 1251 de
1521 1223 1602 1251 non
1624 1208 1849 1251 ambienda

259 1281 536 1335 praelatione,
558 1281 747 1324 Romano
768 1281 965 1323 Pontifici
985 1286 1183 1323 reservat.

257 1347 299 1382 R.
319 1359 376 1391 ap.
399 1347 435 1382 S.
456 1348 505 1382 M.
525 1348 575 1383 M.
596 1348 723 1384 XXXI
738 1348 815 1384 Ian.
837 1350 921 1384 1618
941 1347 982 1381 Ρ.
1001 1359 1058 1381 an.
1080 1348 1141 1383 VI.

255 1458 351 1492 Nov.
369 1457 457 1492 bull.
477 1459 512 1494 S.
531 1458 562 1493 I.
580 1459 655 1493 136.
1321 1456 1408 1500 Βερ.
1431 1455 1519 1489 bun.
1539 1454 1607 1490 JV.
1625 1457 1702 1496 303,
1721 1457 1796 1490 327.
1814 1454 1849 1488 b.

339 1568 445 1613 208.
467 1574 541 1612 Ex
561 1569 766 1611 iniuncto
785 1569 932 1610 nobis.
948 1563 1414 1619 -Paul.V‚petentibus
1429 1563 1582 1606 Iacobo
1592 1562 1682 1617 Epo
1692 1561 1851 1606 Rurae-

258 1637 458 1679 munden.
476 1641 519 1678 et
529 1641 692 1679 rectore
703 1645 746 1679 et
762 1636 1052 1690 collegialibus
1064 1636 1159 1678 coll.
1185 1635 1225 1678 S.
1240 1635 1276 1677 I.
1290 1636 1334 1676 in
1346 1635 1385 1677 d.
1400 1636 1498 1687 ciV.‚
1517 1634 1684 1676 officiali
1697 1634 1853 1676 Busco-

257 1708 407 1750 ducen.
431 1709 658 1750 committit
677 1713 726 1750 ut
746 1709 788 1749 in
810 1709 997 1750 favorem
1018 1708 1056 1749 d.
1080 1707 1264 1760 collegii,
1283 1707 1351 1748 cui
1370 1708 1419 1748 13
1436 1710 1543 1759 sept.
1567 1707 1670 1746 1610
1689 1704 1729 1746 d.
1749 1705 1852 1759 epfis

257 1785 357 1821 tunc
378 1785 545 1822 tantum
567 1780 726 1822 electus
747 1779 874 1821 aedes
894 1778 1172 1833 episcopales,
1196 1792 1303 1832 quae
1338 1778 1436 1820 olim
1473 1778 1516 1818 in
1551 1777 1851 1818 monasterium

257 1850 356 1893 Ord.
381 1851 421 1893 S.
447 1842 558 1904 Aug:
579 1865 728 1893 canon.
754 1865 839 1904 reg.
865 1855 1032 1892 erectae
1055 1850 1237 1902 fuerant,
1262 1864 1346 1891 una
1366 1864 1463 1891 cum
1485 1849 1663 1891 ecclesia
1678 1853 1721 1889 et
1736 1848 1852 1889 adia-

259 1923 411 1964 centiis
433 1923 683 1976 promiserat
703 1937 754 1964 ea
773 1922 1012 1964 conditione
1033 1932 1081 1963 ut
1102 1921 1203 1963 dicti
1223 1921 1462 1975 collegiales
1495 1934 1592 1962 suas
1626 1920 1753 1962 aedes
1785 1921 1855 1962 via

258 1999 434 2036 mutuae
455 1995 780 2048 permutationis
802 1994 951 2036 darent
971 1999 1014 2036 et
1034 2007 1206 2036 censum
1222 2007 1408 2035 annuum
1426 1995 1478 2035 55
1495 1991 1585 2034 flor.
1605 1991 1852 2046 penderent,

260 2064 417 2108 dictam
440 2066 798 2120 permutationem
820 2066 1053 2108 confirmet.

258 2131 304 2167 R.
324 2143 383 2175 ap.
406 2131 442 2166 S.
464 2131 513 2166 M.
534 2132 591 2168 M.'
606 2143 691 2167 non.
717 2132 803 2167 Feb.
826 2134 910 2168 1617
928 2132 970 2166 P.
989 2142 1048 2167 an.
1068 2130 1165 2167 XIII.

1423 2239 1511 2283 Rey.
1533 2237 1620 2273 buu.
1641 2237 1706 2273 IV.
1724 2241 1799 2275 325.
1820 2239 1854 2273 b.

346 2352 454 2395 209.
490 2347 532 2390 S.
553 2347 703 2402 Congr.
725 2363 791 2402 ep.
812 2353 853 2390 et
870 2362 954 2402 reg.
973 2374 999 2379 -
1016 2348 1135 2390 Decr.
1155 2348 1265 2402 quod
1281 2348 1410 2389 liceat
1431 2347 1472 2389 S.
1494 2347 1529 2388 I.
1550 2347 1709 2400 erigere
1730 2346 1852 2388 colle-

262 2421 348 2474 gia,
373 2434 459 2462 non
482 2425 650 2462 servata
670 2421 806 2462 forma
826 2420 984 2462 decreti
1005 2419 1136 2461 Clem.
1160 2419 1277 2470 VIII,
1300 2418 1524 2460 dummodo
1554 2418 1727 2460 accedat
1760 2431 1852 2459 con-

266 2505 415 2534 sensus
434 2491 648 2533 Ordinarii
670 2497 714 2534 et
736 2494 787 2534 12
807 2492 990 2545 religiosi
1012 2491 1167 2533 ibidem
1189 2495 1511 2533 commorentur.

268 2561 307 2592 17
325 2558 435 2593 Mart.
459 2561 556 2593 1618.

1166 2665 1319 2700 Elench.
1341 2665 1430 2699 buu.
1450 2665 1516 2699 sub
1532 2665 1594 2699 die
1609 2667 1629 2700 8
1647 2666 1742 2700 Maii
1760 2667 1855 2701 1606.

354 2788 459 2833 210.
493 2785 535 2827 S.
554 2784 681 2838 Cong.
707 2799 774 2839 ep.
799 2789 841 2828 et
861 2800 944 2839 reg.
964 2811 991 2817 -
1006 2784 1126 2828 Decr.
1148 2799 1222 2839 pro
1243 2785 1452 2826 erectione
1472 2783 1568 2825 coll.
1587 2783 1626 2826 S.
1646 2783 1677 2825 I⁴
1698 2784 1742 2825 in
1757 2797 1854 2837 opp.

269 2857 463 2912 Foggiae,
487 2856 619 2899 dioec.
643 2855 809 2898 Troiae.

270 2927 310 2960 17
328 2924 436 2958 Mart.
458 2925 554 2958 1618.

1174 3029 1326 3066 Elench.
1347 3032 1436 3063 bull.
1451 3029 1519 3064 sub
1535 3030 1598 3064 die
1613 3032 1633 3065 8
1651 3030 1749 3063 Maii
1761 3032 1857 3069 1606,
