1989 3252
266 147 409 190 Clem.
431 144 571 189 XIII.
933 169 986 174 —
1015 145 1098 186 482
1127 170 1181 176 —
1727 149 1855 194 1759.

267 232 343 273 bus
365 231 701 285 quibuscumque
722 235 765 272 et
785 232 956 272 rosariis
976 232 1222 274 orbiculatis
1250 247 1323 275 seu
1345 234 1512 275 annulis
1529 233 1657 287 digito
1674 235 1859 276 inseren-

266 303 330 343 dis
368 304 409 343 2.
437 301 725 354 indulgentiae
756 302 956 344 festorum
994 303 1033 344 S.
1074 303 1165 356 Ign.
1199 309 1240 346 et
1270 304 1311 346 S.
1338 304 1407 346 Fr.
1438 304 1544 347 XaV.
1577 304 1861 347 extendantur

266 373 320 415 ad
354 373 626 415 dominicam.
665 375 703 415 3.
743 387 818 415 sex
854 374 1089 415 dominicae
1124 373 1165 417 S.
1205 376 1354 418 Aloisii
1395 376 1641 429 interpolari
1681 377 1858 430 possint,

264 445 364 499 quia
392 444 567 486 alternis
597 447 764 485 tantum
806 444 1034 486 dominicisv
1062 450 1125 486 est
1157 447 1280 500 copia
1309 446 1571 489 confessarii.
1604 471 1630 476 -
1660 445 1726 487 Ex
1756 447 1855 488 aud.

266 516 355 567 SS.‚
379 515 430 557 A.
455 514 504 556 E.
525 513 769 557 Vicecomes
790 529 896 558 secr.
914 516 1074 571 absque
1094 517 1233 558 brevis
1258 517 1530 571 expeditione
1546 519 1590 558 in
1604 522 1857 571 perpetuum

266 586 441 628 concedi
462 585 686 639 significat,
710 591 752 628 et
772 588 1031 641 provinciam
1053 587 1363 641 Pensylvaniae
1384 589 1534 630 iisdem
1554 588 1736 642 gaudere
1761 605 1769 641 3
1789 589 1861 631 sed

264 657 377 712 quod
397 656 450 698 ad
471 656 540 698 dd.
565 657 786 711 imagines,
806 658 1034 700 servandus
1056 659 1257 701 elenchus
1283 661 1528 714 impressus.

269 727 310 760 16
328 724 415 758 Feb.
438 726 534 759 1759.

1729 835 1876 871 Ranae.

350 944 392 988 3.
432 943 481 984 A.
506 942 551 984 P.
578 942 627 985 R.
652 942 710 985 M.
737 949 788 987 [η
808 947 1207 1000 supereminentis.
1233 970 1258 975 -
1279 944 1409 987 Clem.
1435 944 1556 998 XIII,
1586 945 1862 999 supplicanti-

270 1014 346 1055 bus
367 1021 470 1056 rect.
495 1014 590 1058 coll.
616 1015 658 1057 S.
683 1014 716 1057 Ι.
742 1014 1030 1069 Leopoliensis
1051 1020 1093 1057 et
1114 1016 1302 1070 Augusto
1324 1030 1420 1070 rege
1443 1015 1656 1070 Poloniae,
1675 1016 1715 1059 d.
1735 1017 1862 1058 colle-

268 1086 383 1138 gium
405 1085 445 1127 sl.
470 1086 580 1139 regis
605 1087 857 1128 auctoritate
879 1087 1169 1129 universitatis
1198 1087 1324 1129 titulo
1345 1092 1388 1129 et
1407 1087 1638 1142 privilegiis
1669 1092 1862 1129 ornatum

270 1157 508 1210 confirmat,
532 1159 685 1200 rectori
721 1172 795 1212 per
829 1158 979 1212 Praep.
1017 1158 1123 1201 Gen.
1162 1159 1201 1201 S.
1241 1159 1276 1202 I.
1315 1159 1556 1214 deputando
1591 1159 1781 1213 indulget
1817 1164 1864 1201 ut

267 1229 420 1282 gradus
452 1230 568 1272 bace.
593 1230 816 1283 formatae,
841 1230 1138 1273 licentiaturae
1168 1231 1341 1273 laureae
1363 1235 1405 1272 et
1435 1231 1678 1273 doctoratus
1699 1244 1861 1273 necnon

270 1301 502 1354 magisterii
523 1301 677 1355 gradus
697 1301 887 1344 conferat
906 1306 950 1343 et
970 1306 1132 1344 statuta
1152 1303 1319 1345 condat.

272 1367 313 1402 R.
333 1379 391 1411 ap.
414 1367 450 1402 S.
473 1368 520 1403 M.
540 1368 605 1404 VII
624 1367 698 1402 kal.
720 1370 807 1412 Apr.
832 1370 915 1403 1759
934 1368 977 1405 P.
994 1380 1040 1403 an
1074 1369 1101 1404 Ι.
1120 1370 1180 1412 (1).

271 1488 373 1522 Bull.
393 1489 500 1524 Rom.
521 1508 563 1513 —
581 1488 685 1523 Bucz.
704 1489 750 1523 de
766 1499 925 1533 propag.
944 1489 1018 1533 fide
1039 1489 1101 1524 IV.
1122 1492 1176 1524 24.
1401 1490 1526 1525 Fund.
1545 1501 1604 1533 pr.
1624 1489 1758 1524 Polou.
1777 1496 1800 1524 t.
1821 1492 1852 1524 3.

352 1613 396 1654 4.
431 1613 494 1653 Iis
513 1624 626 1653 sane
641 1612 922 1667 pontificiae.
946 1634 972 1640 -
993 1608 1125 1651 Clem.
1150 1608 1256 1650 XIII
1286 1608 1463 1663 Iosepho
1494 1610 1691 1663 episcopo
1714 1608 1861 1651 Passa-

271 1681 383 1721 vien.
408 1693 483 1734 per
517 1679 683 1722 litteras
713 1680 969 1733 significanti
1004 1679 1273 1722 fundationes
1303 1693 1328 1721 a
1349 1693 1392 1721 se
1423 1679 1556 1721 factas
1587 1679 1640 1721 ad
1661 1679 1861 1734 populum

271 1749 467 1808 doctrina·
482 1749 761 1792 excolendum
792 1749 869 1791 sub
900 1764 1002 1792 cura
1021 1750 1062 1792 S.
1087 1749 1123 1791 Ι.
1147 1749 1288 1804 dirigi,
1311 1749 1548 1803 gratulatur
1578 1754 1619 1791 et
1640 1749 1690 1791 de
1712 1749 1858 1791 officiis

269 1836 373 1877 quos
389 1835 464 1876 pro
481 1822 522 1864 d.
542 1822 583 1864 S.
603 1823 834 1876 interponit
849 1824 1045 1865 meritam
1066 1836 1111 1864 se
1127 1822 1369 1864 habiturum
1388 1823 1593 1863 rationem
1609 1834 1857 1876 persuasum

269 1907 362 1936 esse
383 1895 514 1948 cupit.

268 1960 313 1996 R.
332 1972 390 2004 ap.
411 1961 449 1997 S.
467 1961 518 1996 Μ.
537 1961 586 1996 Μ.
606 1960 691 1996 XIII
713 1961 793 1997 Iun.
812 1964 897 1996 1759
915 1962 956 1996 P.
976 1973 1034 1995 an.
1056 1961 1084 1996 Ι.

268 2080 319 2114 De
338 2080 541 2125 Raviynan
557 2091 615 2125 op.
635 2084 709 2116 cic..
734 2087 759 2115 t.
779 2081 832 2120 ΙΙ,
854 2093 890 2125 p.
911 2083 965 2116 98.

349 2204 391 2246 5.
429 2203 731 2244 Praeclaram
753 2215 870 2257 quae
889 2209 999 2245 iam.
1024 2225 1050 2231 -
1079 2199 1211 2242 Clem.
1236 2199 1341 2241 XIII
1377 2199 1694 2253 archiepiscopo
1729 2199 1860 2241 Phar-

265 2272 413 2325 saliae,
436 2285 529 2325 gen.
556 2273 597 2312 in
619 2271 759 2324 regnis
794 2268 916 2323 Hisp.
939 2268 1187 2325 Inquisitori
1216 2271 1453 2323 gratulatur
1482 2285 1566 2313 non
1587 2272 1721 2313 solum
1745 2270 1857 2325 quod

268 2349 416 2386 contra
432 2343 676 2384 Historiam
679 2340 925 2394 populiDez·
940 2345 983 2383 et
997 2341 1151 2383 librum
1171 2349 1231 2386 De
1251 2346 1423 2399 l'esprz‘l
1440 2342 1673 2396 apostolica
1690 2342 1861 2384 decreta

266 2415 563 2469 publicaverit,
587 2413 660 2455 sed
693 2414 823 2454 etiam
844 2412 896 2454 de
930 2413 982 2454 iis
1018 2427 1126 2467 quae
1161 2414 1245 2467 egit
1280 2414 1417 2468 quoad
1454 2415 1612 2468 scripta
1648 2413 1856 2469 quaedam

267 2486 468 2528 Societati
503 2484 601 2527 Iesu
635 2485 912 2536 calumniosa,
947 2498 1048 2538 erga
1067 2498 1195 2539 quam
1216 2499 1299 2526 non
1319 2486 1445 2528 aliter
1464 2499 1590 2541 quam
1613 2485 1859 2540 praedeces-

269 2571 383 2599 sores
403 2555 581 2598 affectus
603 2560 666 2598 est
685 2569 877 2598 summus
898 2555 1109 2598 Pontifex.
1175 2589 1182 2595 .

270 2625 312 2660 R.
332 2636 392 2669 ap.
412 2624 448 2659 5.
470 2624 519 2659 M.
543 2624 591 2658 M.
610 2623 796 2659 xvn1u1.
819 2625 903 2659 1759
920 2623 962 2658 Ρ.
980 2634 1041 2659 an.
1059 2623 1103 2659 11.

268 2744 359 2779 Buzz
365 2772 372 2779 .
393 2744 501 2780 Rom.

271 2879 315 2920 (1)
331 2880 352 2911 7
370 2875 461 2911 Maii
480 2877 578 2915 1759,
596 2876 706 2910 breve
728 2874 844 2910 Clem.
862 2873 950 2911 XIII
966 2875 1291 2918 congregationem
1318 2876 1383 2909 sub
1412 2875 1468 2911 tit.
1489 2875 1750 2911 Immaculatae
1768 2877 1859 2911 Con-

315 2930 493 2974 captionis
512 2930 552 2965 B.
572 2930 621 2964 M.
645 2929 688 2962 V.
707 2929 935 2965 instituentis
961 2930 997 2963 in
1015 2928 1099 2965 coll.
1120 2929 1155 2964 S.
1175 2928 1203 2964 Ι.
1224 2928 1418 2964 Leodiensi
1436 2929 1580 2974 (Reqles
1604 2936 1639 2964 et
1664 2935 1797 2964 statuts
1813 2929 1858 2963 de

316 2987 355 3019 la
371 2995 496 3029 conyr.
517 2984 628 3028 Libye
648 2985 755 3027 1761).
