1989 3252
302 176 435 220 Alex.
459 177 566 221 VII.
977 203 1021 206 w
1057 179 1138 219 380
1168 202 1222 208 -
1760 183 1890 227 1663.

385 264 457 306 76.
492 269 677 319 Empom'
712 266 842 307 nobis
869 279 1030 321 nuper:
1066 290 1091 295 —
1122 266 1241 307 Alex.
1280 265 1376 317 VII,
1408 270 1579 319 petente
1607 272 1768 309 rectore
1797 268 1890 310 coll.

304 331 456 374 Baren.
483 333 524 375 S.
549 333 583 375 I.
610 334 783 376 mandat
804 336 1118 390 archiepiscopo
1149 337 1304 379 Baren.
1339 342 1379 379 et
1409 338 1568 378 archid.
1603 339 1705 380 eccl.
1740 339 1889 382 Baren.

301 407 361 442 ut.
389 403 424 443 si
446 404 489 444 in
511 404 763 458 evidentem,
787 406 1031 448 facultatem
1052 408 1283 449 concedant
1313 408 1578 461 permutandi
1609 409 1778 451 domum
1806 411 1888 452 val.

301 475 381 514 300
397 488 454 515 sc.
475 488 548 515 seu
565 475 660 516 duc.
671 509 680 527 ‚
694 490 776 530 qua
793 476 847 518 ad
864 477 1066 519 fabricam
1085 479 1382 521 absolvendam
1399 480 1572 533 indiget,
1583 480 1637 522 ad
1653 482 1889 535 cappellam

302 544 374 586 SS.
397 545 600 587 Crucifixi
621 548 664 587 iu
687 547 788 589 eccl.
815 548 855 589 S.
880 547 919 589 N
923 549 1045 590 icolai
1067 551 1293 602 existente,
1311 565 1385 604 pro
1407 551 1491 592 alia
1507 551 1560 592 ad
1580 552 1675 593 coll.
1701 558 1892 606 spectau-

301 620 343 656 te
363 616 445 658 val.
469 619 551 658 400
573 631 651 670 so„
674 619 902 661 accedente
923 620 1093 662 Ioannis
1115 621 1234 663 Tarsi
1255 622 1492 676 cappellani
1515 636 1736 665 consensu.

301 681 343 716 R.
364 693 422 726 ap.
444 683 480 717 S.
500 684 550 718 M.
572 684 621 718 M.
643 685 728 720 XXI
748 685 846 729 Sept.
874 690 954 722 1662
972 687 1012 720 P.
1032 699 1091 722 an.
1112 688 1207 724 VIII.

1479 783 1564 825 Req.
1584 783 1672 816 bulZ.
1702 782 1761 817 VI.
1781 786 1843 819 174
1861 784 1895 817 b.
1914 829 1917 831 .

385 889 457 932 77.
490 886 540 928 A.
568 887 613 929 P.
638 887 688 928 R.
713 887 769 929 M.
800 891 1003 932 Debitum
1021 893 1275 946 pastoralis
1291 895 1439 945 officii.
1465 915 1490 921 —
1517 890 1638 932 Alex,
1664 889 1760 944 VII,
1783 890 1897 932 felici

302 957 343 1000 S.
379 958 413 1001 Ι.
446 960 643 1012 regimini
674 961 914 1012 consulens,
947 961 1057 1014 quod
1088 961 1139 1003 de
1170 963 1350 1003 triennio
1381 963 1642 1016 superiorum
1663 962 1894 1004 secundum

302 1031 538 1085 Praepositi
560 1032 663 1075 Gen.
689 1033 912 1075 arbitrium
934 1035 1217 1076 continuando
1238 1049 1368 1076 necne
1390 1049 1415 1076 a
1435 1034 1475 1076 S.
1502 1035 1666 1088 Ignatio
1688 1039 1895 1077 statutum

304 1108 347 1143 et
367 1116 392 1144 a
412 1103 560 1157 Gongr.
585 1118 679 1157 gen.
705 1104 748 1144 II
769 1104 1063 1146 confirmatum
1084 1106 1238 1158 fuerat,
1262 1106 1363 1148 licet
1383 1107 1427 1147 in
1456 1106 1606 1160 Congr.
1632 1107 1668 1147 V
1703 1107 1746 1148 id
1775 1108 1897 1149 abro-

303 1175 394 1226 gari
413 1175 594 1228 petitum
615 1175 745 1217 fuerit
765 1190 842 1217 nec
862 1180 1007 1218 tamen
1027 1191 1287 1228 concessum,
1310 1178 1408 1219 dein
1441 1191 1466 1219 a
1498 1178 1630 1220 Clem.
1656 1178 1760 1220 VIII
1791 1193 1829 1220 v.
1852 1193 1892 1221 v.

303 1246 491 1298 oraculo,
524 1246 656 1288 Paulo
689 1246 738 1300 V,
773 1247 918 1289 Innoc.
952 1247 989 1288 X
1021 1254 1062 1290 et
1093 1248 1215 1290 Alex.
1249 1248 1331 1290 VII
1360 1250 1474 1291 vario
1505 1249 1627 1291 modo
1649 1250 1894 1303 limitatum,

303 1317 598 1370 praesentibus
619 1318 773 1360 litteris
794 1319 1033 1372 confirmat,
1056 1324 1099 1361 et
1119 1324 1324 1362 statutum
1355 1320 1500 1362 Innoc.
1526 1320 1565 1361 X
1595 1320 1646 1362 de
1676 1335 1897 1362 munerum

302 1402 377 1441 per
397 1402 555 1430 annum
577 1404 673 1431 cum
695 1390 869 1432 dimidio
892 1396 985 1445 post
1005 1393 1234 1433 triennium
1256 1393 1473 1434 vacatione
1503 1392 1661 1446 pluries
1691 1393 1775 1434 iam
1805 1406 1894 1434 sus-

303 1474 496 1513 pensum,
520 1460 708 1514 abrogat.

299 1526 340 1560 R.
361 1537 419 1569 ap.
440 1527 475 1560 S.
495 1528 533 1562 M
564 1528 611 1562 M.
629 1528 734 1563 IIan.
758 1531 841 1564 1663
861 1529 887 1562 Ρ
912 1541 970 1563 an.
992 1529 1086 1564 VIlI.

304 1627 405 1661 Bull.
425 1628 531 1663 Rom.
549 1648 590 1652 -
608 1629 704 1664 Νου.
721 1629 810 1663 hall.
832 1630 864 1662 S.
888 1629 916 1662 I.
939 1631 1003 1663 185
1636 1630 1786 1665 Elench.
1808 1632 1894 1665 bula.

385 1739 455 1783 78.
499 1741 624 1782 Vitae
643 1753 696 1782 ac
717 1754 911 1782 morum.
934 1763 959 1768 —
981 1738 1211 1779 Alexandri
1236 1739 1265 1779 V
1270 1738 1313 1779 II
1334 1739 1460 1780 breve
1481 1739 1534 1780 ad
1558 1739 1729 1780 Hieron.
1749 1738 1894 1781 Xime-

302 1821 375 1848 nes
397 1807 628 1848 lusitanum
660 1817 720 1858 ut,
740 1822 823 1849 non
845 1809 1037 1850 obstante
1068 1823 1336 1864 quocumque
1356 1809 1675 1863 impedimento,
1699 1811 1832 1864 possit
1851 1811 1895 1851 in

301 1881 448 1920 mortis
469 1873 839 1921 articulo'admitti
855 1882 898 1921 in
917 1881 960 1923 S.
979 1881 1013 1922 I.
1035 1882 1135 1922 etin
1154 1881 1302 1923 habitu
1321 1881 1411 1924 Soc.
1432 1882 1686 1936 Ulyssipone
1708 1882 1891 1936 sepeliri.

302 1948 322 1979 8
338 1945 415 1980 Ian.
437 1948 534 1981 1663.

1631 2043 1784 2077 Elench.
1803 2043 1892 2077 bull.

386 2151 456 2194 79.
490 2150 540 2191 A.
565 2150 612 2191 Ρ.
638 2150 686 2191 R.
712 2150 768 2191 M.
797 2159 905 2196 Cum
925 2158 1040 2195 sicut
1061 2154 1335 2208 accepimus.
1358 2176 1384 2181 —
1405 2151 1525 2192 Alex,
1554 2150 1631 2192 VII
1652 2165 1892 2206 concessam

302 2228 327 2254 a
349 2214 470 2268 Greg.
495 2215 570 2256 XV
596 2217 677 2267 (cfr
717 2231 758 2257 n.
783 2219 854 2269 32)
877 2217 962 2258 ind.
988 2217 1097 2271 plen.
1124 2218 1167 2258 in
1187 2217 1305 2259 festis
1326 2217 1366 2259 S.
1391 2216 1460 2258 Fr.
1485 2217 1590 2258 Xav.
1611 2219 1833 2258 confirmat
1849 2222 1892 2259 et

301 2285 505 2326 translato
536 2286 661 2328 huius
691 2286 797 2328 festo
828 2289 870 2328 in
906 2287 1019 2329 diem
1054 2289 1223 2329 tertiam
1261 2288 1519 2341 Decembris,
1543 2289 1672 2330 etiam
1693 2288 1893 2330 transfert

300 2356 598 2410 indulgentias

306 2423 346 2456 R.
367 2434 424 2467 ap.
445 2424 479 2457 S.
504 2425 913 2461 M.M.V1111u1.1663
933 2426 970 2459 P.
992 2437 1050 2460 an.
1075 2427 1136 2460 IX.

307 2528 410 2562 Ball.
432 2529 536 2562 Rom.
557 2548 599 2553 --
617 2529 804 2567 Hernaez.
827 2531 1013 2564 Colace-ion
1031 2531 1085 2569 Il,
1107 2533 1183 2565 588.
1631 2529 1781 2564 Elench.
1802 2530 1889 2563 bun.

386 2640 457 2681 80.
494 2642 744 2692 Ii’vlefsse'one's·
766 2643 898 2682 zelus.
922 2664 947 2668 -
969 2639 1090 2680 Alex.
1125 2638 1205 2679 VII
1235 2638 1442 2680 Salvatori
1471 2638 1718 2680 Scarduccio
1748 2638 1886 2692 presb.

303 2707 346 2749 S.
370 2708 404 2749 I.
431 2709 676 2750 facultatem
701 2710 888 2762 indulget
917 2710 1163 2751 transeundi
1193 2710 1246 2751 ad
1276 2710 1475 2763 Congreg.
1508 2709 1760 2751 Lateranen.
1793 2724 1884 2751 can.

303 2793 387 2831 reg.
415 2780 462 2820 O.
488 2779 514 2820 S
555 2781 680 2833 Aug„
704 2780 755 2822 de
777 2795 981 2823 consensu
1004 2781 1094 2822 Vic.
1115 2781 1219 2823 Gen.
1246 2782 1284 2823 S.
1309 2781 1344 2822 I.
1364 2781 1589 2822 dummodo
1610 2795 1690 2822 non
1713 2782 1765 2822 ad
1786 2780 1889 2822 effu-

300 2850 493 2903 giendam
516 2852 617 2905 aliq.
642 2865 807 2904 poenam
830 2853 880 2893 ad
904 2853 946 2893 id
968 2861 1200 2894 moveatur.

298 2916 342 2950 R.
363 2927 419 2959 ap.
442 2917 477 2951 S.
498 2918 546 2952 M.
565 2919 615 2952 M.
638 2918 790 2953 XXVIII
808 2918 903 2961 Sept.
927 2922 1010 2954 1663
1029 2919 1069 2954 P.
1090 2930 1151 2955 an.
1168 2919 1232 2954 IX.

1474 3014 1561 3057 Rey.
1582 3014 1671 3048 bull.
1694 3014 1751 3049 Vl.
1775 3016 1835 3048 177
1853 3015 1885 3048 b.
