1989 3252
107 192 301 235 *UrbalL
324 189 452 233 VIII.
797 210 847 216 —
877 187 953 226 311
990 209 1038 215 —-
1574 184 1702 227 1624·

209 278 280 322 22.
316 278 552 320 For-titudo
572 281 611 319 et
631 278 830 329 fidelitas
850 278 1170 318 Helvetiormn.
1190 298 1215 304 -
1236 272 1340 313 Urb.
1365 270 1468 311 VIII
1499 269 1702 321 scultetis,

129 346 422 389 landamannis
439 350 482 388 et
497 347 661 387 senatui
678 349 770 387 octo
787 358 987 398 pagorum
1004 344 1113 385 helv.
1133 343 1452 393 catholicorum,
1471 341 1703 390 Lucernae,

128 416 327 468 Uraniae,
365 416 672 468 Subsilvaniae,
697 416 830 465 Svitii‚
869 414 1006 467 Tugii,
1042 414 1250 467 Friburgi,
1284 413 1471 455 Solodori
1501 417 1544 453 et
1563 411 1703 452 Abba-

126 487 314 528 tiscellae
335 501 419 528 una
440 501 535 528 cum
557 487 668 528 cath.
695 485 1019 528 Claronensibus
1039 485 1139 526 eccl.
1173 485 1379 526 libertatis
1401 482 1704 533 defensoribus,

127 572 180 600 ne
202 559 244 599 in
267 558 451 599 Vallesia
471 557 685 599 stabulans
719 557 906 598 haeresis
928 561 1085 609 serpat,
1109 555 1373 597 commendat
1393 559 1439 595 ut
1469 553 1706 594 sacerdotes

128 629 171 671 S.
194 628 228 670 Ι.
254 630 298 670 in
319 627 602 670 Sedunensem
624 628 771 669 urbem
793 632 1019 669 evocentur
1039 627 1092 668 ad
1113 626 1333 679 collegium
1353 624 1611 679 erigendum.

126 695 167 729 R.
187 706 245 737 ap.
265 695 301 728 S.
322 695 371 728 M.
393 695 439 728 M.
460 694 560 729 XVII
581 695 673 736 Aug.
697 696 780 728 1624
799 693 839 726 P.
859 703 917 726 an.
936 693 963 727 1.

126 820 197 854 Iul.
218 819 382 863 Poyiani
402 822 504 861 epist.
525 819 573 853 II.
595 820 668 853 171.

209 947 281 990 23.
322 947 607 988 Valleszanae
625 946 840 987 nationis.
866 967 891 972 -
911 941 1001 982 Urb
1050 941 1153 982 VIII
1184 941 1447 994 magistratui
1477 940 1708 981 Sedunensi

126 1020 173 1056 ut
211 1015 310 1056 fidei
348 1015 707 1068 propugnaculum
757 1013 978 1066 collegium
1020 1016 1062 1055 S.
1106 1013 1139 1054 Ι.
1185 1013 1494 1066 quamprimum
1540 1015 1707 1052 extruat

127 1086 405 1128 commendat.

126 1152 168 1187 R.
189 1164 246 1195 ap.
267 1152 302 1186 S.
323 1152 373 1185 M.
394 1152 442 1186 M.
463 1152 565 1186 XVII
583 1152 676 1194 Aug.
699 1154 794 1186 1624.
824 1151 864 1184 Ρ.
883 1162 942 1184 an.
962 1151 987 1185 Ι.

123 1278 195 1312 Iul.
218 1278 384 1321 Poyiani
400 1279 504 1320 epist.
525 1276 578 1310 ΙΙ,
601 1279 673 1311 172.

193 1406 266 1448 24.
300 1403 349 1444 A.
373 1402 419 1444 F.
444 1402 493 1444 R.
519 1402 576 1444 M.
603 1409 897 1447 sacrosancte
918 1406 1213 1459 apostolatus.
1235 1426 1260 1430 -
1280 1400 1383 1441 Urb.
1411 1399 1511 1441 VIII
1533 1412 1707 1440 conven-

128 1476 286 1516 tionem
322 1475 431 1514 inter
464 1474 649 1526 presbyt.
674 1474 804 1527 regul.
829 1474 870 1516 S.
895 1474 928 1516 I.
949 1488 1002 1516 ex
1025 1487 1105 1514 una
1129 1481 1171 1514 et
1203 1472 1492 1524 magistratum
1524 1471 1708 1511 civitatis

130 1545 337 1587 Sedunen.
363 1546 406 1586 in
426 1545 598 1586 Valesia
619 1559 672 1586 ex
702 1545 837 1586 altera
857 1546 1005 1586 initam
1041 1550 1087 1585 ut
1120 1544 1383 1597 gymnasium
1406 1547 1449 1584 et
1483 1542 1705 1595 collegium

129 1618 172 1658 in
206 1630 257 1658 ea
291 1618 461 1658 civitate
491 1617 691 1669 erigatur,
711 1616 951 1658 Sedunense
981 1617 1024 1657 in
1047 1615 1215 1657 Valesia
1245 1613 1589 1667 nuncupandum,
1612 1627 1707 1654 cum

130 1688 323 1729 omnibus
343 1687 545 1729 clausulis
566 1688 741 1729 annexis
761 1687 979 1741 approbat.

128 1754 170 1788 R.
190 1765 247 1797 ap.
269 1754 303 1787 S.
326 1754 375 1787 M.
398 1754 446 1788 M.
466 1753 569 1789 XVII
591 1755 683 1796 Aug.
704 1756 788 1789 1624
806 1754 848 1788 Ρ.
867 1765 926 1788 an.
945 1754 988 1789 ΙΙ,

992 1863 1114 1896 Fumi.
1138 1862 1263 1897 Germ.
1282 1872 1404 1905 super.
1424 1862 1612 1895 Sedunen.
1632 1861 1706 1894 III.

209 1991 279 2035 25.
314 1996 498 2046 Expom'
534 1991 663 2033 nobis
699 2004 859 2045 nuper.
902 2013 928 2019 —
965 1987 1125 2029 Urban.
1171 1987 1288 2039 VIII,
1331 1991 1500 2040 petente
1541 1986 1706 2028 Menica

127 2060 334 2101 Pimentel
369 2065 411 2102 et
445 2060 663 2111 Mendoza,
697 2060 797 2100 mul.
824 2059 968 2101 relicta
1003 2059 1215 2113 quondam
1249 2058 1502 2099 Ferdinandi
1531 2058 1705 2099 Alvarez

127 2131 178 2173 de
199 2131 352 2173 Toledo
374 2131 549 2184 Monroy
571 2132 705 2183 Ayala
726 2132 890 2172 comitis
911 2130 961 2172 de
983 2131 1169 2184 Oropesa
1189 2135 1233 2171 et
1253 2130 1304 2171 de
1325 2130 1497 2171 Lettosa
1524 2129 1703 2171 Abulen.

127 2203 260 2244 dioec.
280 2203 452 2244 mandat
467 2207 544 2255 epo
568 2203 747 2243 Abulen.
766 2204 854 2244 sive
871 2203 961 2243 eius
977 2203 1055 2243 vic.
1076 2215 1169 2255 gen.
1191 2207 1252 2253 ut,
1271 2205 1434 2243 attento
1450 2204 1704 2242 testamento

126 2287 208 2327 quo
228 2273 474 2314 Franciscus
511 2274 562 2314 de
598 2272 753 2315 Toledo
777 2278 819 2314 et
854 2273 1057 2326 Figueroa
1091 2286 1243 2326 proi-ex
1278 2279 1319 2313 et
1341 2273 1589 2325 capitaneus
1609 2285 1700 2324 gen.

126 2345 363 2398 provinciae
385 2343 450 2385 del
471 2344 579 2385 Peru
595 2345 638 2384 in
658 2343 788 2384 Indiis
809 2343 941 2384 occid.
961 2344 1096 2384 voluit
1113 2343 1221 2384 bona
1242 2356 1317 2383 sua
1338 2344 1380 2382 in
1400 2342 1588 2383 redditus
1609 2356 1702 2395 per-

124 2420 273 2468 petuos
293 2419 336 2456 et
356 2429 517 2456 annuos
537 2417 720 2456 converti
742 2428 816 2467 pro
838 2414 933 2455 coll.
956 2414 997 2455 S.
1024 2414 1058 2455 I.
1084 2413 1245 2455 duobus
1267 2415 1310 2453 in
1331 2427 1428 2466 opp.
1447 2413 1498 2454 de
1519 2413 1705 2466 Oropesa

124 2486 302 2527 Abulen.
328 2486 479 2538 dioec.,
503 2500 556 2527 ex
576 2485 742 2527 residuo
764 2485 949 2526 redditus
970 2499 1044 2538 pro
1066 2485 1279 2526 dotatione
1300 2484 1536 2537 puellarum
1558 2484 1703 2525 relicto

124 2559 247 2610 (3500
269 2557 384 2610 duc.)
407 2559 485 2599 200
507 2557 600 2598 duc.
625 2571 699 2610 pro
731 2562 953 2609 augmento
990 2556 1249 2597 fundationis
1284 2561 1326 2597 et
1356 2556 1583 2597 dotationis
1605 2555 1701 2596 coll.

122 2628 164 2670 S.
188 2628 222 2669 Ι.
249 2629 445 2681 assignet.

122 2695 164 2729 R.
184 2705 239 2737 ap.
262 2694 296 2728 S.
317 2694 365 2728 M.
388 2694 434 2727 M.
456 2695 487 2728 V
506 2694 592 2727 Nov.
615 2696 698 2728 1624
718 2694 757 2727 Ρ.
778 2705 836 2727 an.
856 2694 898 2728 II.

1284 2802 1373 2844 Rey.
1397 2801 1483 2834 bull.
1511 2801 1546 2834 V.
1568 2803 1643 2836 174.
1662 2801 1697 2835 b.

203 2929 276 2972 26.
310 2927 358 2968 A.
382 2927 427 2968 P.
452 2926 504 2968 R.
527 2927 584 2968 M.
610 2934 661 2970 In
680 2931 790 2971 Sede
812 2930 1058 2983 Principis.
1082 2952 1108 2957 -
1128 2926 1286 2968 Urban.
1311 2925 1429 2977 VIII,
1461 2925 1700 2978 petentibus

121 2998 309 3059 Gaspare
344 2998 466 3040 Card.
490 2997 641 3050 Borgia
673 3001 716 3039 et
753 2997 995 3052 Praeposito
1026 2998 1066 3039 S.
1091 2998 1126 3039 Ι,
1150 2998 1319 3055 praevio
1354 2997 1520 3039 decreto
1557 3010 1696 3050 congr.
