1989 3252
267 177 446 220 Urban.
467 175 598 219 VIII.
940 200 995 204 —
1023 176 1105 216 342
1134 200 1187 205 —
1729 178 1859 224 1635.

350 264 450 307 159.
485 265 669 318 Expom'
688 264 816 305 noba<
840 278 999 318 nuper.
1022 287 1048 293 -
1069 262 1229 304 Urban.
1251 262 1367 316 VIII,
1385 267 1555 317 petente
1577 267 1738 305 rectore
1760 264 1857 306 coll.

265 334 306 375 S.
333 334 365 374 Ι.
391 332 678 386 Neapolitani,
716 333 889 374 mandat
920 348 994 375 suo
1031 333 1190 375 Nuntio
1227 335 1269 375 in
1305 335 1349 376 d.
1386 336 1465 376 civ.
1503 337 1780 376 commoranti
1813 340 1862 376 ut

265 418 392 458 super
426 404 653 445 donatione
692 405 862 445 Antonii
898 403 1082 446 Loffredi
1116 410 1216 446 tunc
1256 406 1403 447 novitii
1440 405 1481 447 d.
1518 404 1560 447 S.
1597 407 1697 447 anni
1735 408 1858 459 1618,

267 477 456 517 omnium
474 475 679 517 bonorum
702 477 746 516 in
768 476 851 517 fav.
877 476 968 517 Soc.
994 476 1109 517 facta
1129 490 1225 517 cum
1245 477 1442 518 oneribus
1462 481 1508 518 ut
1538 476 1727 518 redditus
1757 491 1857 519 ann.

269 549 449 588 1618-20
472 548 515 588 in
538 548 838 589 extinctionem
862 547 1099 588 debitorum
1124 548 1396 601 collegiorum
1427 562 1544 602 prov.
1569 548 1723 602 Neap.,
1756 551 1856 590 anni

271 620 372 660 1621
397 620 549 660 rectori
571 619 664 660 coll.
689 619 936 660 Carminelli
958 633 1032 672 pro
1055 619 1341 672 eleemosyna,
1365 633 1464 661 ann.
1500 621 1680 661 1622-24
1710 621 1862 662 rectori

268 691 363 732 coll.
406 690 584 743 Neapol.
623 690 825 732 darentur
860 695 980 731 etc..
1018 690 1266 732 facultatem
1302 691 1506 733 concedat
1541 691 1729 733 redditus
1763 706 1860 734 ann.

271 764 451 803 1635-37
473 763 626 803 iterum
649 762 890 815 applicandi
912 763 1162 803 extinctioni
1185 762 1364 804 debitor.
1390 762 1430 804 d.
1455 762 1638 815 collegii.

269 830 304 861 ln
324 839 409 862 arce
429 828 638 871 Gaudulphi
661 829 841 863 Albanam.
861 828 975 862 dioec.
995 829 1029 864 II
1047 828 1125 862 Oct.
1148 832 1231 864 1634
1249 829 1288 863 Ρ.
1312 840 1370 862 an.
1390 829 1470 864 XII.

1468 939 1553 981 Rey.
1576 938 1667 972 bule.
1692 939 1752 972 VI.
1773 941 1814 972 48
1832 938 1866 972 b.

352 1051 453 1094 160.
487 1055 672 1105 Euo-pom·
694 1052 1004 1104 ›toln'smcpern
1042 1072 1067 1078 —
1103 1046 1264 1089 Urban.
1330 1046 1450 1100 VIII,
1486 1052 1656 1101 petente
1704 1053 1866 1090 rectore

269 1119 499 1160 novitiatus
538 1118 579 1161 S.
606 1118 641 1161 I.
681 1119 725 1159 in
762 1119 842 1159 civ.
882 1117 1143 1171 Florentina‚
1183 1118 1358 1160 mandat
1395 1119 1591 1172 archieps)
1626 1118 1859 1161 Florentin.

273 1203 346 1231 seu
368 1191 460 1231 eius
481 1191 560 1232 vic.
583 1203 677 1243 gen.
702 1195 749 1231 ut
769 1190 1001 1232 concedant
1021 1189 1236 1232 licentiam
1258 1190 1517 1243 transigendi
1539 1204 1635 1231 cum
1656 1189 1867 1232 Michaele

273 1276 346 1304 seu
369 1262 595 1305 Michelino
619 1262 721 1304 Vaiz
743 1262 794 1304 de
815 1263 1006 1304 Andrata
1027 1262 1120 1315 (cfr.
1144 1277 1186 1305 n.
1214 1264 1325 1317 147).

274 1330 314 1364 R.
335 1341 392 1373 ap.
415 1329 451 1365 S.
469 1330 518 1364 M.
541 1330 767 1364 M.V1N0v.
791 1332 874 1365 1634
895 1330 933 1363 P.
954 1340 1013 1364 an.
1034 1329 1116 1365 XII.

1511 1439 1599 1483 Rey.
1620 1439 1708 1473 bun.
1735 1439 1793 1473 VJ.
1815 1441 1870 1474 50.

357 1558 458 1601 161.
492 1562 565 1600 Ex
585 1562 789 1600 ῑηῑῑιηςίο
810 1558 954 1599 nobis.
979 1579 1005 1585 -
1026 1553 1188 1596 Urban.
1212 1553 1329 1606 VIII,
1352 1555 1493 1596 citatis
1528 1555 1613 1596 litt.
1652 1554 1771 1596 Pauli
1807 1553 1866 1607 ΙΙ,

277 1634 384 1671 Cum
405 1635 452 1671 ‘m
473 1629 684 1671 omnibus
706 1630 910 1679 iudiciis,
938 1628 1059 1678 1465,
1083 1641 1121 1668 v.
1146 1626 1204 1668 id.
1245 1626 1362 1677 Maii,
1401 1626 1646 1679 petentibus
1681 1625 1867 1680 capitulo

273 1703 317 1740 et
337 1699 553 1740 canonicis
572 1712 684 1740 saec.
710 1703 752 1740 et
771 1698 1019 1751 collegiatae
1041 1699 1145 1740 eccl.
1169 1698 1305 1751 plebis
1326 1712 1454 1739 nunc.
1477 1698 1660 1750 Aretin.‚
1689 1698 1740 1739 iis
1770 1711 1867 1739 con-

275 1770 387 1812 cedit
407 1770 654 1812 facultatem
674 1769 883 1811 vendendi
898 1770 1188 1812 molendinum
1205 1769 1259 1811 ad
1275 1784 1397 1810 usum
1414 1770 1496 1811 olei
1513 1774 1556 1811 et
1572 1769 1676 1810 duas
1693 1769 1869 1811 domun-

275 1842 410 1895 culas,
452 1842 607 1884 valoris
646 1844 743 1894 300,
785 1841 974 1883 redditus
1019 1843 1069 1883 12
1092 1846 1199 1884 scut.
1237 1841 1290 1883 ad
1330 1842 1539 1883 rationem
1574 1841 1599 1881 7
1650 1840 1745 1883 libr.
1795 1854 1870 1894 pro

276 1913 467 1968 quolibet
487 1918 604 1955 scuto
627 1918 671 1955 et
690 1913 960 1956 convertendi
981 1914 1025 1954 in
1047 1915 1160 1966 petia
1180 1918 1318 1956 terrae
1338 1912 1454 1955 redd.
1483 1915 1534 1954 14
1554 1916 1660 1954 scut.

276 1980 320 2014 R.
341 1991 399 2023 ap.
420 1980 455 2014 S.
477 1980 519 2015 P.
539 1991 591 2023 pr.
613 1980 662 2014 id.
681 1980 757 2014 Ian.
779 1982 863 2015 1634
883 1979 923 2013 Ρ.
943 1991 990 2014 an
1009 1979 1089 2014 XII.

1513 2088 1601 2131 Req.
1621 2088 1709 2122 bun.
1739 2087 1796 2121 VI.
1816 2090 1870 2124 56.

362 2212 463 2256 162.
497 2217 681 2267 Eoepom
699 2213 830 2254 nobis
850 2224 1013 2266 nuper.
1038 2232 1064 2239 -
1084 2206 1245 2251 Urban.
1273 2207 1390 2262 VIII,
1427 2209 1670 2263 petentibus
1705 2209 1870 2251 confra-

280 2283 417 2326 tribus
438 2283 626 2325 Confrat.
650 2283 728 2324 sub
749 2284 884 2324 invoc.
908 2281 935 2324 S
973 2281 1144 2335 Iosephi
1165 2283 1208 2322 in
1237 2286 1353 2324 terra
1382 2281 1679 2335 Bagnacavalli
1708 2281 1871 2323 Faven-

281 2356 358 2397 tin.
384 2355 536 2408 dioec„
560 2355 733 2396 mandat
753 2359 831 2409 ep&
853 2354 1117 2409 (Faventin.)
1141 2367 1215 2395 seu
1237 2355 1327 2395 eius
1348 2354 1429 2395 vic.
1453 2367 1547 2407 gen.
1572 2359 1619 2395 ut
1640 2354 1871 2404 licentiam,

281 2427 318 2468 si
357 2426 408 2468 de
447 2426 650 2478 evidenti,
694 2427 798 2479 ipsis
838 2425 1067 2467 concedant
1107 2424 1294 2478 domum,
1336 2424 1499 2466 suffictu
1543 2430 1587 2466 et
1629 2426 1870 2478 pavimento

282 2503 512 2550 carentem,
560 2511 655 2539 cum
694 2497 814 2538 horto
861 2496 1081 2538 adiacente
1132 2496 1268 2548 (valor
1313 2498 1392 2538 300
1437 2510 1496 2538 sc.
1543 2496 1660 2538 redd.
1715 2495 1873 2550 nullus)

282 2568 491 2610 vendendi
511 2568 552 2610 d.
576 2569 711 2622 pretio
733 2568 923 2622 patribus
944 2568 987 2609 S.
1013 2567 1049 2609 Ι.
1074 2567 1211 2609 dictae
1230 2573 1385 2621 terrae,
1404 2568 1484 2622 ipsi
1505 2568 1624 2609 horto
1645 2567 1868 2620 contiguis,

280 2645 323 2681 et
343 2640 513 2681 domum
534 2640 666 2692 magis
687 2639 907 2681 decentem
927 2640 1109 2681 oratorio
1130 2638 1228 2681 inde
1248 2638 1429 2681 emendi.

282 2706 325 2741 R.
344 2716 401 2749 ap.
419 2705 455 2740 S.
477 2706 515 2739 P.
536 2705 603 2741 XV
623 2707 729 2740 Mart.
754 2707 837 2740 1635
856 2705 896 2740 Ρ.
916 2715 976 2739 an.
996 2704 1078 2741 XII.

1463 2815 1549 2858 Rey.
1569 2814 1658 2850 bun.
1685 2815 1746 2850 VJ.
1765 2817 1819 2851 58.
1839 2815 1875 2849 b.

371 2939 472 2984 163.
506 2940 698 2982 Dilectos
715 2940 854 2993 filios.
877 2961 903 2967 -
924 2935 1085 2979 Urban.
1109 2934 1213 2978 VIII
1233 2935 1417 2978 alumnis
1433 2936 1648 2978 seminarii
1669 2934 1877 2990 pontificii

287 3008 593 3063 Bransbergen.
616 3009 658 3050 in
679 3007 852 3049 Prussia
873 3007 1066 3050 concedit
1085 3011 1132 3049 ut
1152 3008 1314 3062 possint
1335 3007 1388 3050 ad
1409 3007 1501 3050 Sac.
1527 3008 1616 3050 ord.
1640 3007 1877 3062 promoveri
