1989 3252
266 185 404 240 erog.
425 185 527 229 xv.
940 209 995 214 —
1023 186 1105 225 302
1132 210 1187 215 -
1721 190 1851 234 1622.

263 275 351 313 tam
387 268 642 312 confirmat:
681 271 721 313 d.
768 271 916 313 domus
948 271 988 314 d.
1032 273 1135 314 eccl.
1173 274 1326 315 rectori
1362 276 1442 316 300
1477 288 1535 316 sc.
1572 278 1767 317 monetae
1801 275 1855 317 ad

264 343 472 383 rationem
497 343 545 383 10
568 343 774 396 regalium
795 343 1119 385 castellanorum
1139 358 1214 398 pro
1253 345 1445 399 quolibet
1478 350 1597 387 scuto
1627 347 1851 400 quotannis

263 413 414 465 solvat,
437 418 519 455 etc.
544 412 773 456 Calaritan.
799 419 842 456 et
875 415 1089 458 Turritan.
1128 416 1457 470 archiepiscopis
1492 420 1535 458 et
1567 418 1711 459 curiae
1732 431 1848 460 caus.

261 498 329 538 ap.
353 497 447 537 gen.
473 483 658 526 auditori
678 499 795 527 exeo.
821 487 1063 529 committit.

259 549 305 585 R.
325 561 383 594 ap.
406 550 442 584 S.
462 550 504 584 P.
524 551 561 586 X
580 551 665 585 Dec.
687 555 770 587 1622
789 552 829 586 Ρ.
849 563 908 586 an.
930 552 972 587 11.

1442 647 1529 689 Req.
1549 647 1637 682 bun.
1660 647 1700 681 V.
1720 649 1795 683 137.
1814 649 1847 683 b.

342 755 415 798 45.
440 754 492 795 A.
515 753 564 795 P.
589 753 637 795 R.
663 753 722 795 M.
747 758 878 798 Alias
896 758 1092 799 volentes
1112 762 1218 800 Nos.
1241 780 1267 785 -
1283 755 1405 809 Greg.
1438 754 1515 797 XV
1544 755 1852 809 indulgentiam

260 838 335 877 pro
357 824 549 878 cappella
566 824 714 866 domus
730 824 771 867 S.
790 825 946 879 Ignatii
962 825 1043 867 loci
1061 825 1112 867 de
1133 825 1291 880 Loyola
1311 826 1501 868 extendit
1516 827 1569 868 ad
1590 827 1778 881 aliquam
1800 841 1853 869 ex

262 900 424 950 septem
446 896 594 938 diebus
614 897 769 938 festum
791 897 1161 952 subsequentibus.

258 962 304 997 R.
325 974 383 1006 ap.
405 963 441 997 S.
462 963 504 998 P.
523 964 578 999 IX
599 963 683 998 Dec.
704 966 789 999 1622
808 964 848 998 P.
869 975 927 998 an.
948 964 992 999 II.

1454 1073 1541 1118 Περ.
1560 1073 1648 1108 hall.
1676 1075 1714 1108 V.
1737 1079 1797 1112 113
1815 1077 1849 1111 b.

353 1188 426 1231 46.
453 1191 526 1228 Εασ
545 1189 754 1229 iniuncto
773 1186 918 1229 nobis.
942 1209 968 1215 —
988 1183 1111 1238 Greg.
1133 1183 1226 1237 XV,
1250 1184 1390 1225 citatis
1411 1183 1494 1226 litt.
1517 1183 1641 1225 Pauli
1660 1184 1718 1237 ΙΙ,
1745 1193 1854 1230 Cum

259 1266 308 1302 in
328 1261 540 1303 omnibus
560 1259 763 1307 iudiciis,
806 1257 927 1305 1465,
951 1255 1003 1297 V.
1028 1255 1071 1297 id
1105 1255 1222 1306 Maii,
1245 1255 1486 1309 petentibus
1522 1260 1626 1297 rect.
1650 1261 1692 1298 et
1727 1256 1854 1299 colle-

259 1329 441 1383 gialibus
477 1328 573 1370 coll.
612 1326 653 1369 S.
691 1327 748 1368 M.
773 1326 984 1379 Brayden.
1018 1341 1144 1368 nunc.
1170 1326 1452 1369 Mediolanen.
1492 1327 1643 1380 dioec.,
1679 1327 1853 1370 mandat

261 1402 460 1454 archiep&
482 1398 766 1441 Mediolanen.
792 1399 967 1453 eiusque
987 1400 1067 1440 vic.
1090 1412 1184 1452 gen.
1209 1403 1257 1440 ut
1277 1402 1406 1451 ortas,
1425 1399 1647 1440 occasione
1669 1399 1852 1441 decima-

257 1487 351 1514 rum
387 1472 427 1513 d.
453 1471 628 1524 collegio
650 1484 776 1524 super
810 1470 1065 1525 quibusdam
1101 1470 1204 1512 locis
1235 1470 1286 1512 de
1315 1470 1357 1512 la
1392 1469 1547 1511 Carera
1580 1485 1708 1511 nunc.
1732 1475 1853 1513 extra

256 1548 422 1598 portam
454 1541 687 1584 Cumanam
724 1542 763 1583 d.
789 1543 866 1582 civ.
894 1542 987 1583 sitis
1021 1542 1259 1583 debitarum
1294 1542 1598 1583 controversias
1633 1541 1687 1583 ad
1716 1541 1847 1584 Clem.

256 1615 361 1657 VIII
398 1629 468 1656 an.
495 1616 597 1655 1601
636 1613 800 1655 delatas
835 1613 1094 1666 decidentes,
1117 1613 1289 1655 illorum
1323 1613 1413 1654 loco
1434 1613 1520 1654 alia
1550 1613 1660 1654 bona
1680 1613 1852 1655 stabilia

257 1687 388 1728 annui
409 1685 598 1727 redditus
618 1687 698 1727 200
720 1684 815 1725 libr.
841 1688 1075 1738 surrogent.

255 1753 301 1788 R.
322 1764 380 1796 ap.
401 1753 438 1787 S.
458 1753 501 1787 P.
520 1751 606 1787 XIV
626 1751 700 1786 kal.
718 1751 795 1787 Ian.
816 1754 901 1786 1622
921 1751 961 1785 P.
981 1762 1028 1785 an
1049 1751 1090 1786 ΙΙ.

1448 1845 1535 1888 Εερ.
1555 1844 1644 1878 bun.
1673 1845 1710 1878 V.
1732 1847 1794 1881 113
1812 1845 1846 1879 b.

337 1950 408 1993 47.
444 1951 573 1991 Alias
593 1950 651 2003 fe.
676 1962 755 1991 re:
778 1950 924 1990 Paulo
946 1954 1034 1991 PP.
1065 1953 1110 1990 V.
1135 1972 1161 1977 —
1176 1946 1299 2000 Greg.
1318 1946 1409 1989 XV.
1429 1946 1671 2000 petentibus
1686 1951 1849 1989 rectore

257 2023 299 2061 et
319 2019 610 2072 collegialibus
631 2018 725 2060 coll.
751 2018 792 2060 S.
816 2018 851 2060 Ι.
877 2018 1082 2071 Duacen.‚
1105 2032 1179 2060 suo
1200 2019 1245 2059 in
1266 2018 1408 2071 Belgio
1429 2017 1588 2059 Nuntio
1611 2018 1784 2059 mandat
1803 2023 1850 2059 ut

257 2091 310 2132 ad
331 2092 627 2132 executionem
663 2091 901 2132 litterarum
921 2090 1043 2132 Pauli
1065 2089 1101 2131 V
1123 2089 1202 2143 (cfr
1220 2104 1263 2132 n.
1287 2092 1402 2142 233),
1427 2104 1523 2131 cum
1544 2089 1690 2143 praed.
1714 2095 1850 2132 rector

256 2168 299 2205 et
319 2163 558 2217 collegiales
580 2162 775 2205 dubitent
795 2164 938 2205 omnia
957 2177 1011 2205 ex
1031 2167 1366 2205 tenoreservata
1386 2176 1492 2215 esse,
1512 2162 1562 2204 de
1578 2176 1685 2204 novo
1706 2175 1849 2217 proce-

257 2234 345 2276 dat.

256 2301 299 2335 R.
319 2312 377 2344 ap.
399 2300 435 2336 S.
458 2301 496 2334 Ρ.
518 2302 569 2336 XI
591 2300 662 2335 kal.
683 2301 760 2336 Ian.
782 2304 865 2337 1622
883 2301 924 2335 Ρ.
940 2312 985 2335 an
1003 2302 1047 2337 Π.

1490 2395 1578 2437 Rey.
1597 2395 1684 2428 hall.
1715 2394 1750 2426 V.
1772 2396 1847 2429 118.

339 2507 414 2550 48.
432 2512 482 2548 In
502 2519 717 2561 supremo
739 2507 1017 2560 apostolicae
1035 2508 1170 2548 sedens.
1190 2504 1353 2558 —Greg
1371 2504 1460 2556 XV,
1474 2507 1643 2557 petente
1664 2504 1846 2546 Hem-ico

258 2577 309 2618 de
332 2576 542 2628 Bourbon,
566 2577 755 2629 principe
786 2574 997 2627 Condaeo‚
1019 2575 1211 2616 concedit
1240 2575 1277 2616 Ν
1282 2576 1404 2616 uncio
1426 2576 1470 2615 in
1491 2589 1616 2628 regno
1640 2576 1672 2617 F
1675 2576 1846 2618 ranciae

257 2648 502 2689 facultatem
525 2648 824 2689 monasterium
850 2647 892 2689 S.
916 2647 1092 2689 Gildasii
1112 2651 1154 2688 et
1174 2648 1406 2700 prioratum
1427 2647 1477 2688 (10
1498 2647 1700 2688 Gramont
1720 2646 1767 2689 O.
1801 2647 1844 2689 S.

259 2720 362 2761 Ben.
396 2719 628 2761 Bituricen.
663 2719 798 2760 dioec.
837 2718 979 2760 diruta
1008 2719 1313 2772 supprimendi,
1337 2719 1567 2760 monachos
1597 2717 1651 2759 ad
1676 2719 1847 2759 canoni-

258 2805 328 2832 cos
349 2791 559 2832 seculares
580 2790 824 2842 reducendi,
849 2789 960 2831 bona
975 2789 1014 2831 d.
1040 2790 1227 2831 Hem-ico
1243 2789 1453 2842 tradendi,
1472 2803 1634 2830 necnon
1650 2789 1846 2842 collegia-

258 2866 345 2903 tam
367 2861 590 2902 ecclesiam
612 2861 799 2914 erigendi
822 2866 865 2902 et
885 2861 1107 2914 collegium
1129 2860 1169 2903 S.
1193 2860 1229 2902 I.
1254 2861 1296 2901 in
1318 2874 1413 2914 opp.
1439 2859 1708 2902 Castoriensi.

259 2928 301 2961 R.
323 2939 381 2970 ap.
402 2927 437 2962 S.
458 2928 499 2962 P.
517 2927 565 2962 IV
587 2927 659 2961 kal.
679 2928 755 2962 Ian.
781 2930 862 2962 1622
881 2927 921 2961 Ρ.
941 2938 999 2961 an.
1020 2927 1064 2962 H.

255 3027 358 3060 Ball.
378 3026 484 3061 Rom.
