1989 3252
251 183 416 226 Innoc.
436 181 524 224 XI.
927 204 978 209 -
1007 181 1089 220 408
1117 204 1172 210 --
1711 173 1841 218 1683.

247 267 347 308 fidei
370 267 414 306 in
439 291 464 296 -
481 270 696 307 cremento
712 279 874 320 proque
891 270 1065 308 aeterna
1081 268 1316 308 animarum
1335 264 1471 306 salute
1488 261 1623 305 eiusd.
1642 261 1683 303 S.
1701 264 1844 314 patres

247 338 408 392 ubique
431 342 641 379 terrarum
665 342 805 390 agant.

246 404 289 438 R.
309 415 368 446 ap.
390 403 428 438 S.
448 403 488 437 P.
511 403 616 437 XXV
634 403 704 438 Iul.
728 405 811 438 1682
830 403 871 437 Ρ.
892 414 951 436 an.
973 403 1033 438 VI.

248 512 322 546 Iul.
343 513 508 556 Poyiam’
525 523 580 555 ep.
600 512 651 546 II.
674 514 746 545 173.

334 623 405 666 28.
443 620 491 661 A.
515 619 563 661 F.
588 619 638 661 R.
665 619 724 661 M.
750 627 910 676 Nuper
930 636 957 663 α
981 624 1353 676 Οοηρνρραίίωῑε.
1376 642 1403 648 -
1432 617 1577 658 Innoc.
1609 614 1672 656 XI
1701 613 1851 656 confir-

252 696 339 732 mat
359 691 578 733 decretum
599 690 753 744 Congr.
778 704 863 732 sac.
889 691 1051 731 rituum
1074 690 1124 731 de
1147 690 1353 731 electione
1375 688 1416 730 S.
1440 687 1595 741 Ignatii
1615 685 1666 726 de
1695 683 1853 737 Loyola

250 763 282 804 F
286 763 385 804 und.
412 762 451 805 S.
480 762 515 804 I.
543 764 586 803 in
608 767 833 815 patronum
857 762 1043 815 regionis
1064 761 1334 812 Cantabriae,
1357 760 1466 813 hisp.
1491 758 1662 800 Vizcaia
1682 769 1808 797 nunc.

249 830 294 864 R.
317 842 375 873 ap.
398 830 434 864 S.
458 831 505 863 M.
529 831 575 864 M.
601 830 663 865 VII
678 830 779 872 Sept.
803 831 887 864 1682
906 829 947 863 P.
968 839 1026 863 an.
1048 828 1126 863 VII.

254 940 360 974 Ball.
383 939 490 974 Rom.

343 1051 416 1095 29.
453 1051 717 1093 coelestium
738 1062 1002 1092 munerum.
1028 1071 1054 1076 -
1074 1044 1313 1086 Innocentii
1334 1043 1394 1085 XI
1425 1043 1510 1085 ind.
1544 1056 1617 1097 pro
1648 1042 1858 1084 missioni-

258 1122 338 1163 bus
360 1120 402 1162 S.
427 1120 462 1161 I.
489 1119 543 1161 ad
564 1120 835 1174 septennium
856 1118 950 1172 (cfr.
974 1117 1109 1159 Clem.
1135 1115 1186 1158 X.
1212 1131 1254 1157 n.
1279 1117 1366 1168 63).

260 1190 301 1224 15
319 1187 417 1230 Sept.
444 1189 537 1222 1682.

1595 1289 1747 1325 Elench.
1765 1289 1853 1323 buil.

348 1409 420 1452 30.
455 1409 527 1450 Ad
547 1407 832 1462 auyendam.
857 1429 882 1434 -
903 1402 1141 1444 Innocentii
1162 1400 1222 1442 XI
1243 1400 1330 1442 ind.
1362 1401 1405 1441 in
1435 1399 1783 1454 quinquagesima
1812 1398 1865 1439 ad

264 1479 550 1533 septennium.
576 1477 682 1531 (Cfr.
707 1475 839 1518 Clem.
864 1475 903 1516 X
923 1489 966 1517 n.
991 1476 1078 1528 64).

263 1549 283 1581 8
302 1546 408 1580 Febr.
431 1546 530 1579 1683.

1600 1599 1757 1633 Elench.
1777 1599 1866 1631 bule.

354 1718 427 1761 31.
457 1713 609 1766 Congr.
634 1713 675 1755 S.
702 1712 787 1753 Rit.
811 1737 837 1742 -
858 1711 1083 1752 Decretum
1115 1710 1166 1751 de
1195 1708 1410 1750 recitando
1446 1706 1517 1750 off.
1542 1711 1584 1749 et
1618 1705 1872 1749 celebranda

278 1787 409 1828 missa
429 1785 479 1827 de
503 1787 544 1826 S.
569 1784 835 1845 Fr.B01·gia,
859 1782 926 1823 die
946 1781 1099 1840 X-Oct.

279 1856 321 1888 24
338 1853 405 1888 Iul.
430 1853 524 1887 1683.

1609 1895 1762 1928 Elench.
1782 1893 1872 1927 bule.

364 2014 435 2058 32.
469 2010 518 2051 111
539 2024 635 2063 gen.
659 2009 809 2061 Congr.
836 2008 877 2050 S.
902 2007 954 2049 R.
987 2012 1031 2049 et
1064 2007 1119 2048 U.
1158 2006 1237 2060 Inq
1244 2038 1326 2048 .....
1364 2005 1410 2046 P.
1451 2002 1658 2047 Leonardi
1693 2003 1876 2044 Lomaoa

281 2082 308 2124 S
340 2083 375 2124 I.
395 2081 624 2134 superioris
641 2081 760 2121 miss.
781 2078 916 2120 eiusd.
938 2077 979 2120 S.
1000 2079 1043 2119 in
1059 2077 1210 2119 insulis
1226 2076 1356 2118 Maris
1372 2076 1502 2129 Aegei
1519 2081 1559 2116 et
1575 2074 1670 2116 aliis
1686 2072 1878 2127 partibus

283 2153 470 2194 Orientis
492 2152 627 2193 relata
648 2150 872 2201 instantia,
893 2148 950 2191 SS
990 2148 1040 2189 D.
1065 2147 1117 2189 N.
1145 2147 1238 2189 Inn.
1262 2146 1344 2188 ΡΡ.
1368 2145 1428 2187 XI
1463 2145 1679 2187 renovavit
1712 2143 1880 2184 Oratori

288 2225 512 2266 facultates
533 2237 558 2264 a
580 2223 621 2265 S.
647 2221 798 2275 Congr.
825 2221 877 2262 do
893 2235 1011 2274 prop.
1036 2220 1120 2261 fide
1143 2220 1424 2273 praescriptas
1445 2217 1499 2259 ad
1520 2215 1638 2258 aliud
1658 2215 1880 2269 quadrien-

287 2297 456 2337 nium...
482 2299 525 2335 et
546 2308 642 2335 cum
665 2294 920 2335 auctoritate
949 2291 1289 2333 communicandi
1311 2289 1500 2344 patribus
1522 2301 1622 2329 suae
1651 2286 1879 2337 missionis,

290 2381 367 2408 nec
390 2366 474 2407 illis
496 2366 559 2406 uti
584 2365 746 2419 possint
766 2368 888 2406 extra
908 2364 1014 2406 fines
1034 2363 1263 2404 missionis.

290 2434 331 2468 F.
353 2434 394 2468 V.
416 2433 450 2468 d.
472 2435 488 2467 l
506 2433 575 2468 Iul.
596 2434 693 2467 1683.

1477 2537 1562 2579 κερ.
1578 2535 1667 2570 buu.
1690 2535 1751 2569 VJ.
1770 2535 1835 2569 255
1851 2534 1886 2566 b.

388 2653 461 2697 33.
494 2650 543 2690 A.
569 2649 616 2690 P.
640 2649 691 2690 R.
715 2648 773 2690 M.
804 2651 983 2692 Dudum
1003 2651 1079 2702 fiel.
1102 2663 1191 2691 rec.
1215 2650 1429 2691 Clemens.
1454 2669 1480 2675 —
1500 2643 1594 2685 Iun.
1618 2641 1694 2695 XI,
1717 2645 1889 2696 petente

306 2724 428 2765 Proc.
452 2735 546 2775 gen.
571 2719 612 2762 S.
637 2720 690 2772 1.‚
715 2721 821 2761 festo
844 2719 884 2761 S.
909 2719 1058 2760 Franc.
1082 2717 1260 2771 Borgiae
1280 2731 1356 2770 per
1376 2717 1502 2757 breve
1531 2718 1556 2756 3
1587 2714 1666 2756 Iul.
1703 2714 1803 2754 1671
1837 2711 1890 2753 ad

307 2796 417 2837 diem
444 2797 493 2835 10
515 2793 606 2835 Oct.
630 2793 837 2834 translato
875 2792 1074 2833 transfert
1093 2804 1261 2844 quoque
1281 2788 1599 2842 indulgentiam.

305 2862 351 2897 R.
368 2873 427 2904 ap.
448 2861 484 2894 S.
504 2861 553 2895 M.
575 2860 625 2893 M.
646 2859 803 2894 XXVIII
820 2860 915 2902 Aug.
937 2860 1020 2893 1683
1038 2858 1079 2891 Ρ.
1099 2868 1157 2891 an.
1177 2857 1253 2892 VII.

310 2971 404 3007 Νου.
423 2970 513 3003 bull.
533 2969 567 3002 S.
588 2968 619 3002 I.
639 2970 715 3003 200.
1635 2961 1785 2996 Elench.
1806 2963 1894 2994 bull.
