1989 3252
94 203 232 247 Pauli
255 204 307 248 V.
765 230 816 235 —
846 207 925 247 277
957 232 1009 237 —
1545 209 1670 252 1616.

93 289 263 341 (citatur
283 290 525 331 memoriale
547 291 752 343 italicum)
774 290 815 332 S.
836 292 884 333 D.
904 291 957 333 N.
977 293 1093 346 Papa
1115 293 1372 347 dispensavit
1392 300 1438 334 ut
1459 293 1511 334 ad
1533 307 1672 335 sacros

93 358 257 399 ordines
278 362 510 412 promoveri
531 362 691 413 possint
720 362 772 402 ad
802 362 973 403 titulum
1004 377 1175 404 mensae
1207 363 1246 405 d.
1271 364 1485 405 seminarii
1512 368 1671 406 etcum

93 429 182 470 sola
203 429 284 470 fide
305 429 507 472 Rectoris.

94 495 174 528 Fer.
195 495 237 529 V.
258 496 290 528 d.
313 498 352 531 13
372 497 435 530 Iul.
458 499 552 531 1616.

1290 609 1379 652 Rey.
1401 609 1489 643 bzcll.
1510 610 1572 642 IV.
1597 611 1674 644 106.

176 713 275 757 186.
308 718 360 755 In
393 713 666 767 apostolieae
692 714 934 767 diffiniatis
963 717 1175 758 culmine.
1209 740 1235 745 -
1273 715 1394 757 Paul.
1434 715 1468 757 V
1509 717 1676 759 officiali

95 781 347 824 Bituricensi
380 783 550 824 mandat
584 788 631 824 ut
663 784 893 836 prioratum
929 783 970 826 S.
1007 784 1218 827 Vincentii
1254 787 1337 828 loci
1372 787 1423 829 de
1460 786 1674 842 Chantilly

93 853 140 894 O.
174 853 216 895 S.
249 855 353 907 Aug.
388 853 583 896 Canonic.
609 854 754 908 Regul.
779 855 1008 898 Bituricen.
1044 857 1175 898 dioec.
1210 858 1547 910 conventualem,
1582 873 1672 902 vac,

92 938 132 978 p.
157 926 355 978 resignat.
378 925 547 967 Ioannis
567 926 623 966 du
658 925 777 977 Veny
814 926 864 967 de
886 926 1104 969 Cherettes
1134 929 1306 982 collegio
1342 929 1543 972 Molinen.
1567 929 1608 972 S.
1636 931 1671 973 I.

91 996 130 1037 d.
156 996 288 1038 dioec.
312 1002 524 1050 annectat,
548 997 674 1039 salvis
705 997 867 1038 iuribus
899 1002 939 1038 et
961 999 1272 1041 conditionibus
1293 1005 1523 1042 conventus
1554 1016 1674 1055 regu-

94 1067 195 1108 laris
216 1068 256 1109 d.
280 1069 506 1121 prioratus.

97 1133 136 1167 R.
157 1144 213 1176 ap.
235 1134 271 1167 S.
292 1134 340 1168 M.
362 1134 410 1168 M.
432 1137 472 1169 15
490 1136 582 1178 Aug.
604 1137 688 1169 1016
706 1134 747 1167 P.
769 1146 826 1168 an.
850 1135 928 1170 XII.

1066 1245 1191 1278 Fzmd.
1204 1256 1314 1289 prov.
1335 1246 1474 1281 Franc.
1494 1247 1676 1281 Molinen.

174 1364 268 1407 187.
306 1369 376 1405 EJ:
388 1365 643 1418 pastoralis
663 1366 814 1417 officii.
839 1387 865 1392 -
899 1362 1020 1404 Paul.
1046 1363 1096 1415 V,
1122 1364 1360 1417 petentibus
1383 1364 1516 1419 Praep
1564 1366 1670 1408 Gen.

94 1430 136 1473 S.
159 1431 193 1473 I.
218 1437 260 1474 et
289 1433 589 1474 communitate
618 1437 660 1473 et
689 1432 928 1474 hominibus
960 1435 1040 1475 civ,
1066 1434 1283 1476 Faventin.
1308 1436 1464 1477 vicario
1494 1437 1677 1489 generali

94 1503 277 1556 episcopi
311 1503 529 1545 Faventin.
561 1503 730 1544 mandat
762 1509 808 1545 ut
843 1504 1015 1557 collegio
1048 1505 1088 1546 S.
1128 1505 1162 1546 Ι.
1201 1507 1243 1546 in
1278 1506 1318 1546 d.
1356 1508 1435 1548 civ,
1474 1508 1512 1547 vi
1547 1512 1676 1548 testa-

92 1575 223 1615 menti
243 1575 473 1616 Alexandri
495 1574 608 1616 Pasii
631 1575 827 1628 erigendo
849 1577 966 1617 uniat
987 1577 1089 1618 eccl.
1116 1578 1400 1630 parochialem
1423 1578 1464 1619 S.
1490 1577 1677 1619 Cassiani

92 1644 283 1686 domibus
304 1645 534 1687 Alexandri
569 1647 813 1686 viciniorem
834 1660 960 1699 quam
997 1647 1156 1688 obtinet
1177 1647 1356 1688 Ioannes
1392 1647 1500 1688 Pace
1523 1652 1674 1700 rector,

93 1717 212 1757 cuius
232 1730 357 1758 curae
382 1719 432 1758 12
452 1722 615 1757 tantum
636 1717 824 1758 familiae
846 1717 1039 1769 subsunt,
1062 1724 1107 1776 'et
1135 1719 1296 1759 fructus
1317 1721 1368 1759 60
1392 1718 1485 1759 duc.
1511 1719 1604 1759 auri
1626 1719 1677 1759 de

94 1799 288 1838 camera;
323 1788 550 1829 transferat
583 1800 725 1828 curam
760 1786 814 1827 ad
847 1787 948 1829 eccl.
989 1786 1029 1829 S.
1054 1788 1221 1829 Nicolai
1256 1797 1297 1830 et
1332 1788 1371 1830 S.
1412 1788 1572 1830 Mariae
1607 1788 1675 1830 del

95 1856 186 1910 Ugo
207 1872 332 1900 nune.

96 1922 138 1957 R.
157 1933 214 1965 ap.
235 1922 270 1957 S.
290 1924 340 1958 M.
358 1924 407 1958 M.
430 1924 513 1959 XVI
531 1923 604 1958 kal.
625 1923 723 1967 Sept.
746 1925 828 1958 1616
847 1924 886 1958 Ρ.
907 1935 964 1958 an.
986 1924 1065 1959 Xll.

1239 2034 1328 2078 Regs.
1349 2035 1435 2069 bule.
1456 2035 1527 2069 IV.
1546 2037 1620 2069 290.
1643 2035 1677 2068 b.

177 2152 276 2196 188.
309 2158 454 2196 Sacra
474 2157 651 2208 νείὶρίο.
671 2177 696 2182 -
717 2150 838 2194 Paul.
859 2151 893 2192 V
911 2152 978 2194 die
997 2161 1112 2194 certa
1132 2167 1155 2194 a
1176 2153 1325 2207 Praep.
1349 2153 1547 2196 Generali
1569 2154 1610 2196 S.
1639 2154 1674 2198 Ι.

95 2222 160 2263 vel
180 2223 427 2276 provinciali
460 2223 525 2264 vel
547 2225 759 2277 superiore
793 2224 919 2265 locali
949 2224 1172 2266 statuenda
1201 2225 1506 2278 indulgentiam
1529 2226 1671 2279 plena-

97 2295 202 2336 riam
231 2295 425 2337 concedit
453 2295 657 2348 religiosis
678 2295 718 2337 d.
743 2295 834 2338 Soc.
859 2310 978 2337 sacra
1007 2297 1263 2337 eucharistia
1297 2297 1465 2338 refectis
1486 2291 1527 2338 et
1555 2310 1676 2338 oran-

95 2364 206 2405 tibus
240 2379 313 2419 pro
347 2366 459 2407 cath.
496 2366 699 2407 ecclesiae
738 2366 1060 2420 tranquillitate,
1094 2380 1167 2419 pro
1193 2367 1388 2408 Sinarum
1424 2372 1466 2408 et
1502 2367 1674 2420 Iaponis

95 2438 377 2488 conversione,
400 2438 689 2490 iaponensium
710 2437 1032 2478 christianorum
1054 2438 1098 2478 in
1112 2439 1358 2490 gravissima
1379 2439 1670 2490 persecutione

97 2509 346 2550 constantia.

94 2572 138 2608 R.
158 2585 215 2616 ap.
236 2573 272 2608 S.
291 2574 340 2609 M.
361 2574 410 2608 M.
430 2574 496 2609 VII
513 2574 609 2618 Sept.
632 2577 715 2610 1616
733 2574 775 2609 Ρ.
794 2585 851 2608 an.
873 2575 952 2609 XII.

1234 2684 1324 2727 Κεφ
1345 2683 1432 2718 bun.
1453 2683 1524 2718 IV.
1542 2685 1618 2719 264.
1637 2684 1673 2720 b.

180 2803 276 2848 189.
308 2808 446 2847 Iustis
465 2809 505 2847 et
524 2806 739 2853 honestis.
761 2827 786 2833 -
807 2802 926 2844 Paul.
953 2802 1001 2854 V,
1024 2802 1265 2856 petentibus
1292 2807 1454 2845 rectore
1481 2808 1523 2845 et
1549 2803 1674 2845 colle-

97 2873 275 2925 gialibus
295 2872 390 2915 coll.
414 2873 455 2915 S.
477 2872 512 2914 I.
536 2874 580 2914 in
600 2872 679 2914 civ.
699 2871 914 2915 Cusentin.
934 2874 1079 2926 erecti,
1099 2874 1209 2915 circa
1229 2887 1402 2915 censum
1420 2876 1525 2915 1000
1547 2873 1674 2915 duca-

97 2947 234 2986 torum
254 2958 361 2986 anno
385 2946 488 2987 1593
510 2958 535 2985 a
554 2944 683 2985 Fabio
705 2942 887 2986 Clavello
909 2946 998 2986 cive
1019 2943 1243 2986 Cusentino
1265 2946 1417 2986 rectori
1439 2945 1479 2986 d.
1505 2945 1672 2997 collegii

100 3015 312 3069 donatum,
324 3021 366 3058 et
380 3015 673 3058 confirmatum
683 3020 936 3059 testamento
954 3031 1035 3072 quo
1051 3017 1441 3059 confraternitatem
1458 3017 1675 3058 charitatis
