1989 3189
141 213 282 256 Pauli
302 212 354 256 V.
812 232 866 237 —
876 208 970 261 &241
1002 230 1058 236 —
1572 209 1713 261 1607.

223 301 293 343 47.
326 300 395 340 Ad
415 301 558 352 apost.
588 298 830 351 diffamas
858 303 1050 350 apicfflz.
1082 318 1112 324 ·
1147 293 1266 335 Paul.
1309 292 1345 334 V
1381 295 1618 347 petentibus
1657 294 1720 337 Cl.

141 369 358 422 Aquaviva
380 367 446 408 Pr.
470 380 562 419 gen.
590 366 632 406 S.
656 365 690 406 I.
716 370 758 406 et
787 370 946 406 rectore
977 364 1070 407 coll.
1095 364 1362 406 Billomensis
1394 366 1436 406 S.
1460 364 1495 406 I.
1521 365 1561 409 d.
1585 365 1718 410 dioec.

139 438 311 480 mandat
346 437 513 478 officiali
547 436 854 478 Claramonten.
888 440 936 475 ut
975 434 1195 475 confirmet
1239 436 1438 476 unionem
1494 435 1534 477 d.
1568 436 1663 478 coll.
1696 450 1722 479 a

139 508 359 550 Francisco
375 507 465 560 Epo
486 505 792 548 Claramonten.
807 507 962 546 factam
980 506 1189 558 prioratus
1207 505 1258 546 de
1274 505 1467 557 Moyssac
1485 508 1532 548 O.
1554 506 1594 548 S.
1614 506 1717 549 Ben.

141 580 180 622 d.
222 579 352 620 dioec.
397 579 469 632 qui
508 577 793 619 conventualis
832 591 913 617 non
953 582 1094 617 tamen
1121 576 1338 616 electivus
1378 577 1538 629 existit,
1560 577 1719 619 nullam

138 663 281 691 curam
297 650 532 691 animarum
550 660 758 688 annexam
776 645 903 686 habet
924 650 964 686 et
981 659 1006 687 a
1022 651 1201 687 monast.
1228 647 1270 688 S.
1294 646 1576 688 Launaumari
1594 648 1720 690 Blen-

138 722 270 763 sensis
291 720 424 762 eiusd.
450 719 546 760 Ord.
572 718 794 759 Garnoten.
819 716 952 757 dioec.
974 716 1208 770 dependet3
1232 731 1257 758 a
1285 717 1447 760 Joanne
1469 718 1542 759 des
1563 719 1718 761 Cordes

138 808 202 847 pr.
225 793 488 835 Lemovicen.
513 792 759 843 resignatus.
784 788 855 830 Fr.
879 791 957 830 350
980 788 1072 830 duo.
1108 789 1180 830 Ius
1210 789 1450 831 conferendi
1479 791 1715 832 sacristiam

137 864 190 906 ad
220 864 415 905 abbatem
446 862 487 903 d.
519 875 630 903 mon.
664 861 891 913 pertineat;
924 865 1061 900 rector
1090 861 1162 900 uni
1193 873 1245 901 ex
1274 861 1489 903 monachis
1519 861 1718 914 professis

137 936 351 987 vestitum,
373 935 530 975 victum
553 938 595 974 et
615 932 891 974 educationen
911 933 954 971 in
976 931 1014 972 d.
1040 931 1213 984 collegio
1235 933 1462 974 ministret.

134 1001 180 1036 R.
199 1012 255 1044 ap.
277 1000 312 1035 S.
334 1001 382 1035 M.
403 1011 455 1043 pr.
475 999 549 1034 kal.
570 999 663 1040 Aug.
684 1000 766 1032 1607
787 997 827 1030 Ρ.
848 1007 907 1030 an.
927 997 987 1032 III.

1355 1102 1443 1145 1229.
1463 1103 1553 1137 bun.
1574 1103 1639 1138 ιν.
1658 1106 1714 1139 67.

216 1216 288 1259 48.
323 1214 372 1255 A.
396 1212 444 1254 F.
468 1212 517 1253 R.
543 1211 599 1253 M.
630 1217 756 1255 lusda
777 1217 816 1255 et
837 1214 1021 1254 honesta
1038 1217 1287 1266 petentium
1310 1214 1437 1255 votis.
1470 1235 1496 1242 ·
1526 1211 1648 1253 Paul.
1681 1211 1718 1253 V

134 1299 209 1338 pro
230 1284 403 1337 collegio
424 1297 498 1337 per
518 1282 578 1324 Cl.
604 1283 763 1336 AquaV.
785 1282 1036 1322 nominando
1059 1282 1258 1334 (Massae)
1281 1295 1392 1335 prov,
1414 1282 1718 1336 Neapolitanae

135 1356 175 1398 S.
200 1356 234 1397 I.
259 1359 301 1397 et
322 1355 443 1396 domo
473 1354 592 1408 prob.
616 1353 655 1395 S.
684 1353 873 1394 Andreae
906 1353 1093 1394 Romana
1123 1352 1343 1394 confirmat
1372 1355 1716 1407 compromissum

133 1428 245 1467 inter
264 1426 445 1479 priorem
466 1424 710 1465 monasterii
733 1437 856 1464 nunc.
881 1423 930 1464 de
952 1423 1114 1476 capella
1135 1423 1235 1464 Ord.
1260 1423 1302 1465 S.
1326 1424 1434 1477 Aug.
1457 1437 1597 1478 congr.
1620 1438 1713 1467 can.

133 1497 264 1550 regul.
290 1496 331 1538 S.
355 1496 581 1538 Salvatoris
603 1496 645 1535 in
666 1494 875 1535 suburbiis
906 1495 984 1534 civ.
1010 1493 1276 1547 Neapolitan.
1301 1499 1343 1535 et
1372 1494 1537 1536 Domin.
1570 1501 1612 1536 et
1633 1495 1712 1537 Iul.

135 1568 186 1610 de
207 1568 442 1609 Terracinis
463 1581 536 1608 seu
556 1566 677 1607 Dom.
697 1565 748 1606 de
765 1565 1000 1606 Terracinis
1018 1566 1123 1606 alias
1144 1565 1195 1607 de
1211 1564 1347 1606 Battis
1367 1579 1492 1618 super
1511 1567 1715 1608 tenimen-

133 1643 175 1680 to
196 1640 240 1680 in
260 1639 350 1680 loco
372 1651 496 1679 nunc.
521 1637 561 1678 al
582 1637 672 1678 laco
694 1636 907 1689 d'Agnano
930 1635 970 1677 d.
994 1637 1074 1676 civ.

130 1705 174 1740 R.
194 1716 251 1748 ap.
273 1705 309 1740 S.
330 1705 376 1738 M.
398 1703 520 1739 XXIV
541 1704 634 1746 Aug.
658 1705 741 1737 1607
760 1703 800 1736 P.
820 1713 878 1736 an.
900 1702 960 1737 111.

1307 1802 1392 1845 Rey.
1412 1802 1500 1837 bun.
1516 1803 1582 1837 JV.
1602 1795 1656 1839 50.
1677 1806 1711 1840 b.

213 1916 287 1959 49.
320 1913 369 1954 A.
394 1912 442 1954 F.
464 1912 514 1953 R.
540 1911 598 1953 M.
625 1918 731 1955 Cum
751 1915 867 1955 sicut
887 1914 1157 1966 accepimus.
1182 1935 1208 1941 -
1238 1911 1357 1952 Paul.
1388 1911 1423 1951 V
1454 1912 1497 1952 in
1527 1912 1711 1954 favorem

133 1983 296 2036 collegii
317 1982 357 2024 S.
381 1982 417 2023 I.
440 1980 806 2034 Montispolitiani‚
830 1985 996 2033 petente
1016 1979 1048 2019 F
1051 1981 1238 2021 rancisco
1260 1980 1395 2022 Maria
1424 1981 1561 2034 presb.
1585 1982 1710 2023 Card.

132 2054 304 2096 Senensi
325 2067 448 2094 nunc.
472 2053 808 2106 prorogationem
832 2065 856 2092 a
878 2050 1008 2093 Clem.
1035 2050 1135 2091 VIII
1157 2052 1250 2105 (cfr.
1276 2066 1316 2094 n.
1344 2054 1439 2106 184)
1471 2066 1710 2095 concessam

132 2126 176 2166 in
197 2125 444 2167 executione
465 2123 706 2165 testamenti
727 2122 960 2174 cuiusdam,
978 2122 1031 2163 ad
1048 2122 1385 2176 quadriennium,
1405 2123 1546 2177 elapso
1564 2138 1712 2166 sexen-

131 2198 216 2251 nio,
239 2196 443 2238 extendit.

128 2263 175 2298 R.
193 2274 250 2306 ap.
273 2262 309 2298 S.
329 2263 379 2297 M.
397 2262 521 2297 XXVI
539 2262 631 2304 Aug.
652 2264 735 2296 1607
755 2261 794 2295 P.
819 2271 877 2294 an.
896 2260 946 2295 111

1273 2360 1361 2403 Κεφ.
1380 2361 1468 2395 buzl.
1488 2361 1556 2396 IV.
1576 2365 1652 2397 348.
1672 2363 1706 2396 b.

212 2475 285 2519 50.
320 2475 576 2516 pastoralis
595 2475 733 2526 officii
752 2486 878 2515 eura.
903 2495 928 2500 -
949 2469 1069 2510 Pauli
1086 2469 1122 2510 V
1143 2469 1403 2512 confirmatio
1425 2475 1468 2512 et
1488 2472 1708 2525 ampliatio

129 2543 442 2597 privilegiorum
463 2541 557 2583 coll.
581 2540 800 2594 Anglicani
821 2539 872 2581 de
892 2539 1024 2581 Urbe.

127 2609 177 2646 111
194 2619 278 2645 non.
298 2608 395 2652 Sept.
416 2610 511 2643 1607.

1447 2706 1597 2742 Elench.
1619 2707 1706 2743 bull.

209 2819 277 2865 51.
310 2822 364 2862 In
384 2821 526 2874 apost.
549 2819 792 2874 diffiniatis
810 2817 1020 2860 culmine.
1043 2839 1069 2845 —
1089 2815 1207 2857 Paul.
1232 2815 1270 2857 V
1290 2815 1459 2858 officiali
1480 2817 1707 2859 Rothoma-

129 2902 218 2942 gen.
239 2887 425 2941 mandat,
447 2891 616 2943 petente
637 2885 698 2929 Cl.
722 2886 940 2941 Aquaviva
959 2884 1029 2928 Pr.
1053 2885 1155 2928 Gen.
1181 2885 1222 2930 S.
1245 2885 1280 2929 I.
1305 2890 1351 2928 ut
1369 2901 1465 2931 cum
1485 2887 1582 2931 coll.
1606 2887 1646 2930 S.
1670 2887 1707 2931 Ι.
