1989 3252
137 143 280 187 Clem.
300 140 433 186 VIII.
801 164 856 170 —-
886 141 961 181 531
992 164 1048 171 --
1322 178 1325 181 .
1582 141 1713 186 1596.

134 227 332 270 struendo
362 226 535 280 collegio
556 226 596 269 S.
621 226 656 269 Ι.
679 228 722 268 in
752 227 793 268 d.
817 228 1000 268 civitatis
1033 227 1141 280 loco,
1163 227 1375 269 canonicis
1405 226 1620 268 translatis
1660 227 1715 268 ad

136 298 368 353 cappellam
389 297 569 339 Cartallo
590 298 718 339 etiam
738 311 863 339 nunc.
888 297 1312 340 Hildeshemiensem.

138 367 222 401 1595
240 365 277 398 P.
297 375 357 399 an.
373 363 437 399 IV.

1044 473 1155 506 Fund
1171 485 1181 508 .·
1198 472 1320 509 Rheni
1337 475 1449 512 inser.
1468 473 1492 506 I
1508 472 1714 508 Hildesien.

218 581 314 628 90.²
347 589 455 626 Cam
473 587 521 626 tu
542 587 804 638 antequam.
829 606 854 612 —
876 580 1005 623 Clem.
1029 580 1134 622 VIII
1154 580 1223 623 Fr.
1261 581 1407 623 Toleto
1442 580 1483 623 S.
1507 580 1562 633 1.‚
1595 585 1711 622 ante-

138 667 264 709 quam
285 653 504 707 apostolici
524 652 826 706 praedicatoris
843 651 976 694 officio
998 653 1242 706 fungeretur
1262 653 1306 693 in
1326 652 1499 705 collegio
1521 651 1707 694 Romano

138 725 303 767 lectoris
323 724 612 778 philosophiae
646 723 880 776 theologiae
915 728 958 764 et
979 724 1212 764 studiorum
1234 723 1459 776 praefecto,
1483 723 1551 764 cui
1574 736 1717 764 omnes

140 809 224 837 non
257 795 472 837 doctrinae
505 794 639 836 solum
679 794 752 836 sed
791 795 1056 836 auctoritatis
1096 795 1223 836 etiam
1263 795 1536 847 praecipuum
1577 793 1714 834 locum

140 868 288 908 merito
308 866 501 907 tribuunt
507 898 624 908 .......

141 933 234 968 Non.
253 934 340 976 Apr.
361 934 459 968 1596.

139 1042 202 1076 Fr.
228 1042 363 1077 Toleti..
382 1053 513 1077 comm.
532 1044 599 1076 in..
620 1043 773 1083 Lucam,
798 1042 921 1076 Colon.
945 1043 1028 1084 ΑΨ,
1053 1043 1148 1079 1611,
1166 1041 1286 1085 praef.
1311 1040 1418 1075 Mich.
1448 1042 1625 1087 Vasquez.

223 1160 317 1206 96.²
333 1163 406 1206 Ad
423 1176 562 1205 aures
581 1167 811 1205 nostras.-
833 1158 962 1201 Clem.
986 1159 1087 1201 VIII
1109 1159 1282 1213 abrogat
1298 1164 1341 1200 et
1355 1159 1463 1201 tollit
1478 1161 1561 1202 tria
1578 1162 1718 1215 capita

141 1245 195 1273 ex
214 1231 358 1274 libello
379 1233 422 1273 in
458 1232 552 1274 coll.
577 1231 697 1274 Rom.
723 1232 772 1274 de
808 1230 1004 1272 mandato
1026 1230 1072 1272 P.
1098 1230 1161 1272 Cl.
1186 1231 1427 1285 Aquavivac
1458 1231 1571 1273 edito
1592 1238 1633 1273 et
1653 1233 1715 1273 in-

141 1303 294 1357 scripto
319 1306 641 1348 Ordinationes
675 1311 839 1359 Pracp.
862 1306 1164 1358 yenemzlzwmz,
1188 1317 1448 1346 communes
1476 1306 1557 1346 coti
1574 1308 1719 1347 Socie-

141 1380 226 1418 tatz'
244 1381 516 1419 auctoritate
545 1381 611 1416 Vtze
646 1381 805 1431 Conyr.
829 1390 931 1430 qen.
963 1380 1222 1430 recoym‘tae
1249 1383 1287 1417 ec
1317 1380 1576 1419 contractae
1610 1387 1718 1415 anno

146 1446 250 1487 1595
271 1445 467 1488 videlicet
492 1462 500 1487 :
527 1447 567 1486 10
584 1459 626 1499 p.
650 1448 691 1498 5,
714 1445 895 1499 qualiter
915 1445 956 1485 in
980 1444 1135 1485 Urbem
1157 1444 1209 1485 ad
1230 1448 1392 1486 nostros
1412 1444 1478 1486 vel
1513 1444 1567 1486 ad
1587 1450 1724 1486 exter-

141 1530 218 1559 nos
239 1516 462 1559 scribenda
495 1517 662 1570 negotia
697 1521 739 1558 et
773 1529 1030 1569 casuumque
1064 1515 1340 1556 resolutiones
1374 1515 1595 1568 petendae.
1619 1523 1718 1560 Non

143 1592 258 1633 levia
278 1592 585 1633 incommoda.
622 1589 666 1629 2⁰
697 1602 737 1642 p.
762 1589 830 1640 37,
855 1601 906 1629 ne
938 1588 1157 1641 quisquam
1192 1585 1368 1627 Romam
1402 1587 1595 1627 mittatur
1628 1588 1719 1629 sinc

142 1659 345 1701 facultate
366 1660 515 1713 Praep.
538 1658 643 1701 Gen.
673 1666 784 1702 Dum
818 1661 1118 1702 revideretzw.
1144 1659 1187 1698 3⁰
1206 1671 1247 1710 p.
1271 1659 1340 1709 46,
1363 1657 1568 1710 quomodo
1590 1659 1719 1699 nostri

144 1744 252 1785 quae
273 1730 325 1772 ab
347 1730 441 1771 aliis
461 1731 549 1772 sive
569 1730 722 1771 nostris
744 1730 830 1770 sive
852 1729 1037 1770 externis
1058 1728 1135 1768 sub
1157 1727 1292 1781 sigillo
1313 1728 1463 1769 secreti
1484 1733 1603 1769 extra
1622 1742 1718 1770 con-

143 1801 368 1843 fessionem
403 1805 669 1854 acceperunt,
700 1801 830 1842 tacita
867 1812 1031 1841 servare
1066 1798 1259 1840 debeant.
1289 1806 1496 1842 Primum
1517 1803 1637 1854 qaod
1657 1804 1718 1843 aa

146 1874 338 1912 nostros.

146 1934 227 1970 VIII
246 1937 339 1978 Aug.
361 1937 456 1969 1594.

1055 2039 1168 2074 Arch.
1185 2045 1284 2084 pont.
1304 2050 1400 2073 arm.
1418 2042 1475 2082 42,
1495 2044 1518 2074 t.
1540 2043 1592 2078 51,
1611 2051 1644 2084 p.
1665 2042 1719 2075 51.

229 2152 352 2198 104²
385 2160 621 2198 Bonarum
641 2155 830 2196 artium.
854 2176 880 2181 -
900 2149 1033 2192 Clem.
1066 2149 1168 2190 VIII
1205 2149 1376 2191 Alberto
1409 2150 1477 2190 tit.
1510 2149 1552 2191 S.
1576 2149 1721 2192 Crucis

145 2224 190 2264 in
210 2222 378 2266 Hierus.
401 2224 505 2278 pbro
528 2223 651 2266 Card.
689 2222 906 2264 archiduci
939 2222 1136 2263 Austriae
1157 2226 1198 2262 et
1218 2234 1334 2274 prov,
1358 2220 1491 2273 Belgii
1518 2220 1722 2274 guberna-

146 2295 242 2347 tori,
265 2308 362 2336 cum
382 2308 433 2336 ea
467 2308 574 2349 quae
604 2295 646 2335 in
666 2294 961 2336 controversiis
981 2293 1091 2334 inter
1112 2291 1313 2333 decanum
1335 2296 1377 2332 et
1398 2291 1545 2333 facult.
1568 2293 1720 2333 artium

147 2366 191 2406 in
210 2365 329 2418 acad.
353 2365 603 2408 Lovaniensi
624 2369 666 2407 et
687 2365 862 2406 clericos
883 2363 924 2406 S.
947 2363 982 2405 I.
1008 2367 1164 2405 statuta
1185 2367 1282 2403 sunt
1301 2362 1354 2403 ab
1375 2362 1586 2416 aliquibus
1615 2363 1722 2403 auli-

147 2436 206 2477 cis
226 2441 270 2478 et
288 2437 537 2479 consiliariis
558 2436 881 2485 labefactentur.
906 2433 1169 2476 commendat
1188 2440 1235 2474 ut
1263 2433 1502 2473 huiusmodi
1530 2432 1720 2475 homines

147 2512 338 2549 coerceat
366 2521 444 2550 nec
478 2508 699 2562 privilegia
730 2507 880 2548 violari
916 2506 1149 2558 permittat.
1173 2503 1262 2555 Qua
1297 2503 1347 2545 de
1376 2516 1421 2545 re
1442 2517 1536 2544 cum
1558 2517 1606 2545 eo
1626 2508 1722 2557 aget

147 2578 366 2632 episcopus
387 2578 685 2620 Tricaricensis
705 2576 973 2631 Apostolicus
995 2575 1192 2616 Nuntius.

148 2643 299 2678 Tusculi
311 2644 364 2680 XI
381 2645 460 2680 Oct.
484 2647 578 2680 1596.

154 2752 235 2788 Vae.
252 2752 374 2788 Andr.
392 2753 501 2788 Fasti
515 2753 621 2788 acad.
643 2755 727 2788 1650
744 2764 778 2796 p.
799 2755 874 2787 387.

231 2872 353 2918 134?
387 2880 457 2917 Eoe
474 2875 620 2918 debito
632 2875 889 2929 pastoralis
908 2875 1058 2926 officii.
1082 2894 1107 2900 —
1122 2868 1255 2911 Clem.
1275 2867 1378 2909 VIII
1393 2866 1559 2909 officiali
1577 2868 1723 2910 Lemo-

149 2943 282 2986 vicen.
307 2943 480 2986 mandat
512 2948 560 2985 ut
598 2944 830 2997 prioratum
863 2940 1183 2984 conventualem
1219 2939 1442 2981 electivum
1475 2937 1516 2981 S.
1553 2938 1722 2981 Ioannis

658 3019 662 3023 ”
1622 3019 1664 3050 34
