1989 3252
62 210 238 254 Urban.
261 210 391 254 VIII.
740 234 782 238 —
816 210 895 250 335
925 233 979 240 —
1510 213 1640 258 1631.

59 305 168 346 lares
207 305 248 347 S.
296 305 529 358 Benedicti,
578 304 883 358 Cisterciensis,
933 307 1376 361 Praemonstratensis,
1419 309 1643 351 Societatis

61 377 156 418 Iesu
178 381 220 418 et
239 377 417 418 aliorum
438 376 578 418 forsan
595 376 803 428 ordinum,
826 378 965 429 vigore
986 392 1060 418 seu
1082 383 1305 431 praetextu
1327 380 1641 433 privilegiorum

60 446 382 500 praetendentes
402 460 446 488 se
468 461 550 489 non
570 447 878 501 comprehendi,
902 449 982 488 nisi
1004 448 1054 489 de
1073 450 1133 489 eis
1150 450 1305 490 mentio
1326 448 1404 490 fiat
1424 464 1638 504 expressa,

61 518 428 559 constitutionibus
448 518 712 571 generalibus
732 518 774 560 S.
794 518 926 571 Sedis,
946 518 1132 561 declarat
1147 521 1460 573 comprehendi,
1480 523 1640 574 praeci-

60 602 141 643 pue
161 590 204 630 in
224 589 570 631 concernentibus
590 589 715 631 fidem
737 590 988 632 catholicam
1009 596 1051 632 et
1071 591 1251 632 officium
1271 590 1311 633 S.
1332 592 1635 646 Inquisitionis.

60 660 101 694 R.
121 671 179 704 ap.
201 661 236 695 S.
256 661 305 696 M.
325 662 375 697 M.
395 662 426 695 V
444 662 532 696 Nov.
554 664 637 697 1631
656 661 697 695 Ρ.
716 672 775 696 an.
794 662 859 697 IX.

58 780 159 814 Bull.
178 781 223 814 de
237 791 390 824 propag.
410 780 481 824 fide
497 781 528 816 Ι,
549 782 624 815 131.
1372 785 1523 820 Elench.
1543 787 1635 822 bull.

139 917 235 960 127.
269 922 485 972 Eoeposczt
500 920 752 973 pastoralis
773 922 921 972 officii.
964 942 990 948 —
1028 916 1188 960 Urban.
1231 918 1351 961 VIII.
1397 922 1637 975 petentibus

58 993 218 1029 rectore
240 992 280 1029 et
300 988 586 1041 collegialibus
607 989 701 1030 coll.
727 989 767 1031 S.
792 989 827 1030 I.
851 989 1107 1042 Messanen„
1129 991 1350 1033 confirmat
1369 994 1635 1036 concordiam

58 1058 169 1099 inter
188 1057 229 1099 d.
253 1058 349 1099 coll.
374 1063 416 1098 et
436 1059 564 1111 episc.
589 1057 806 1101 Catanien.
829 1060 979 1100 initam
1001 1073 1125 1112 snper
1159 1062 1377 1113 pensione,
1401 1064 1630 1105 secundum

57 1128 140 1170 litt.
164 1128 285 1182 Greg.
308 1128 399 1182 XV,
427 1129 460 1170 V
484 1130 566 1171 kal.
592 1130 696 1183 Aug.
725 1130 845 1172 Pont.
871 1144 939 1172 an.
963 1130 1020 1183 II,
1043 1145 1068 1172 a
1091 1131 1131 1173 d.
1158 1136 1235 1184 epo'
1270 1132 1427 1185 debita,
1451 1140 1493 1175 et
1522 1148 1636 1177 reva-

56 1198 161 1240 lidat
179 1200 424 1252 pensionem
445 1200 498 1241 ab
518 1200 715 1253 archieps)
738 1201 1036 1243 Panormitano
1058 1201 1257 1243 debitam.

4 1314 9 1316 ῃ
57 1270 101 1305 R.
119 1281 177 1314 ap.
199 1270 233 1305 S.
253 1272 302 1307 M.
321 1272 370 1306 M.
392 1271 441 1307 VI
456 1271 505 1305 id.
527 1272 613 1306 Nov.
638 1275 720 1307 1631
742 1273 782 1306 P.
803 1284 861 1307 an.
880 1273 946 1308 IX.

1103 1405 1191 1450 Req.
1212 1406 1300 1442 hall.
1330 1407 1391 1442 VI.
1409 1410 1451 1443 29
1468 1408 1504 1444 b.
1523 1410 1578 1444 45.
1596 1408 1630 1444 b.

140 1530 239 1574 128.
274 1533 416 1574 Hodie
435 1532 610 1574 dilectis
631 1533 755 1585 filiis.
780 1555 806 1560 -
826 1529 971 1570 Urban
992 1529 1093 1571 VIII
1115 1529 1257 1573 Marco
1274 1532 1373 1574 Ant.
1393 1532 1633 1576 Franciotto

56 1599 100 1640 in
137 1603 220 1642 utr.
243 1600 393 1654 signat.
430 1600 713 1642 referendario
735 1606 777 1642 et
811 1602 978 1642 vicariis
1005 1614 1145 1654 gener.
1170 1603 1358 1656 archiep.
1392 1602 1628 1646 Messanen.

57 1673 100 1710 et
120 1670 248 1722 episc.
272 1670 442 1713 Pacten.
466 1672 547 1713 litt.
573 1685 689 1713 exec.
714 1673 953 1713 committit.

55 1733 99 1769 R.
119 1746 176 1778 ap.
197 1735 232 1770 S.
252 1736 302 1771 M.
322 1737 371 1771 M.
392 1737 440 1772 VI
456 1737 507 1771 id.
527 1738 613 1772 Νον.
636 1740 719 1772 1631
739 1738 780 1772 Ρ.
799 1748 857 1772 an.
877 1737 941 1772 IX.

1202 1870 1287 1913 Req.
1309 1871 1398 1906 buil.
1422 1872 1480 1908 VI.
1500 1875 1555 1916 32,
1573 1876 1630 1908 48.

139 1996 239 2041 129.
272 2001 597 2053 Empom'nobz's
617 2013 777 2054 nuper.
802 2022 827 2028 —
857 1996 1016 2039 Urban.
1051 1997 1168 2050 VIII,
1200 1999 1441 2052 petentibus
1461 2000 1630 2056 Franc.,

54 2064 211 2118 Angelo
233 2070 275 2108 et
295 2066 424 2108 Fabio
446 2067 609 2109 fratrib.
635 2067 843 2122 quondam
868 2067 1080 2110 Hortensii
1104 2069 1226 2115 Celsix
1252 2070 1424 2112 mandat
1453 2085 1527 2113 suo
1552 2073 1629 2114 vic.

55 2137 236 2189 generali
273 2142 319 2178 ut
352 2138 565 2179 licentiam
600 2139 803 2179 concedat
837 2139 1110 2192 extinguendi
1155 2140 1299 2181 debita
1339 2140 1491 2182 casalis
1521 2141 1632 2183 della

57 2209 223 2250 casavia
256 2222 282 2250 a
315 2209 356 2250 d.
394 2209 616 2251 Hortensio
638 2211 784 2264 empti,
808 2210 858 2252 de
893 2224 1097 2252 consensu
1118 2212 1292 2253 rectoris
1330 2211 1427 2254 coll.
1451 2211 1494 2255 S.
1518 2212 1554 2254 I.
1578 2212 1630 2254 de

57 2278 240 2322 Urbe...

56 2345 98 2381 R.
117 2357 174 2389 ap.
195 2346 231 2380 S.
250 2346 299 2381 M.
320 2347 368 2380 M.
388 2347 423 2381 X
441 2348 529 2381 Nov.
551 2349 636 2382 1631
656 2348 695 2381 P.
717 2359 775 2382 an.
796 2348 861 2382 ΙΧ.

1261 2479 1352 2526 Rey.
1371 2482 1462 2515 bull.
1488 2480 1546 2517 VI.
1569 2485 1619 2517 18.

139 2608 241 2656 130.
274 2610 457 2667 Expone*
476 2614 604 2655 nobis
622 2627 782 2668 nuper.
806 2636 832 2642 -
852 2610 1011 2653 Urban.
1049 2610 1167 2664 VIII,
1190 2616 1360 2665 petente
1394 2618 1497 2655 rect.
1531 2610 1626 2656 coll.

55 2679 104 2722 S.
128 2681 163 2723 I.
187 2682 265 2723 civ,
288 2681 478 2735 Regien.,
501 2682 579 2723 sub
600 2696 864 2724 excommun.
898 2696 1034 2736 poena
1068 2682 1280 2724 interdicit
1315 2697 1367 2725 ne
1402 2685 1626 2738 quisquam

55 2765 79 2793 e
98 2751 138 2794 d.
162 2752 259 2794 coll.
281 2753 477 2794 extrahat
508 2753 636 2794 libros
671 2754 724 2795 ab
753 2754 928 2795 Horatio
966 2753 1127 2794 Ruffino
1156 2753 1347 2806 Regien.,
1380 2755 1456 2795 tali
1485 2754 1626 2797 condia

53 2823 183 2875 tione,
206 2823 247 2864 d.
270 2823 366 2865 coll.
388 2827 642 2865 testamento
663 2825 848 2866 relictos.

54 2888 95 2923 R..
112 2899 158 2932 ap
176 2888 212 2924 S.
232 2889 273 2924 P.
292 2889 431 2924 XXVII
450 2890 536 2923 Nov.
558 2892 640 2924 1631
663 2890 702 2924 P.
725 2901 783 2924 an.
804 2890 870 2925 IX.

1218 3022 1306 3064 Req.
1325 3021 1415 3055 buu.
1443 3021 1502 3055 VI.
1523 3023 1575 3056 17.
1593 3020 1629 3056 b.
