1989 3252
320 172 483 216 Innoc.
509 170 623 214 XII.
1003 197 1054 203 —
1083 175 1164 215 420
1193 199 1248 205 —
1782 180 1914 223 1696.

322 257 448 299 nandi
482 258 645 298 animas
679 259 723 299 in
758 260 987 312 provinciis
1021 261 1324 315 exprimendis,
1350 263 1698 305 transmittendos
1736 279 1828 307 esse
1862 267 1916 308 ad

320 328 490 371 easdem
511 329 689 370 vicarios
709 336 844 383 apost.
869 344 966 373 cum
987 332 1120 373 solitis
1142 333 1432 375 facultatibus.

319 397 339 430 2
359 395 438 430 Oet.
463 398 560 430 1695.

1657 510 1813 546 Elench.
1826 513 1915 547 bule.

403 616 478 659 30.
513 614 662 666 Congr.
700 627 767 667 ep.
791 619 832 655 et
854 627 938 668 reg.
963 639 988 645 -
1024 614 1249 657 Decretum
1286 630 1360 670 pro
1382 618 1594 660 erectione
1632 619 1729 662 coll.
1763 619 1805 663 S.
1829 619 1849 661 I
1871 622 1914 662 in

321 685 460 739 Burgo
481 685 523 728 S.
550 685 748 739 Donnini,
772 685 998 728 dummodo
1019 686 1159 728 adsint
1179 690 1383 743 requisita
1405 695 1448 730 et
1467 689 1630 732 fructus
1651 705 1816 734 annuus
1838 705 1913 745 pro

324 759 374 799 12
394 757 599 811 religiosis
621 773 629 799 :
653 757 765 812 quod
785 759 1064 800 committitur
1086 763 1181 813 epo.

321 827 341 859 2
359 825 444 858 Dec.
463 826 560 860 1695.

1651 938 1803 974 Elench.
1825 940 1914 975 bun.

404 1046 477 1090 31.
509 1042 660 1096 Congr.
684 1057 769 1084 sac.
793 1042 880 1086 Rit.
901 1068 928 1074 —
949 1043 1187 1087 Decretum.
1212 1043 1294 1087 Off.
1327 1045 1369 1088 S.
1403 1045 1553 1089 Franc.
1594 1047 1786 1100 Borgiae‚
1819 1062 1914 1102 pos-

320 1115 485 1157 tulante
517 1116 783 1157 serenissimo
817 1128 914 1168 rege
949 1113 1249 1170 Portngalliae,
1281 1117 1325 1158 in
1360 1117 1556 1159 dominiis
1591 1119 1631 1160 ei
1665 1120 1709 1160 in
1744 1119 1915 1174 Europa

321 1186 539 1240 subiectis,
562 1186 616 1229 ad
636 1188 765 1228 ritum
787 1186 902 1241 dupl.
926 1188 986 1229 2³0
998 1187 1147 1229 classis
1166 1188 1371 1230 elevatur.

322 1256 363 1289 14
382 1253 467 1288 Dec.
493 1255 586 1289 1695.

1527 1366 1619 1410 Rey.
1639 1367 1716 1401 buce
1758 1368 1840 1402 vu.
1859 1371 1913 1403 63.

404 1474 475 1520 32.
509 1471 604 1514 Inn.
628 1471 711 1513 XII
733 1472 946 1514 decretum
983 1486 1124 1526 congr.
1149 1487 1243 1527 gen.
1284 1474 1561 1516 novennalem
1598 1489 1828 1530 prorogans
1862 1477 1916 1519 ad

322 1547 375 1587 25
394 1544 503 1587 Nov.
527 1544 717 1586 eiusdem
739 1546 853 1586 anni.

323 1614 363 1647 17
380 1612 477 1647 Mart
511 1614 607 1647 1696.

1652 1724 1803 1759 Elench.
1823 1726 1914 1761 buu.

404 1832 476 1877 33.
510 1829 659 1884 Congr.
686 1830 736 1872 de
763 1844 884 1884 prop.
902 1839 904 1841 “
923 1830 1022 1874 fide.
1047 1856 1072 1862 -
1093 1831 1320 1874 Decretum
1340 1847 1349 1874 ε
1373 1832 1537 1875 indulta
1573 1832 1625 1875 de
1644 1834 1917 1888 susceptione

321 1901 515 1944 ordinum
537 1907 660 1944 extra
678 1908 871 1956 tempora
890 1904 934 1944 in
955 1904 1195 1945 seminariis
1215 1904 1444 1958 pontificiis
1479 1919 1562 1946 non
1597 1919 1689 1947 esse
1719 1913 1916 1949 revocata

322 1987 398 2027 per
418 1973 635 2016 decretum
659 1976 710 2016 14
731 1974 830 2017 Dec.
859 1977 981 2028 1693,
1004 1989 1030 2017 a
1051 1989 1191 2030 congr.
1216 1976 1465 2030 particulari
1487 1977 1663 2018 editum.

322 2043 365 2076 20
380 2041 489 2076 Mart.
511 2043 607 2077 1696.

1661 2152 1811 2187 Elench.
1828 2153 1918 2188 bule.

407 2261 479 2305 34.
506 2263 769 2304 coelestium
790 2275 1050 2304 munerum.
1070 2284 1096 2290 -
1112 2259 1206 2303 Inn.
1226 2259 1325 2315 XII,
1345 2266 1515 2316 petente
1532 2259 1693 2314 Thyrso
1715 2260 1916 2302 Gonzalez

324 2331 474 2385 Praep.
513 2330 620 2373 Gen.
659 2331 700 2374 S.
738 2331 773 2374 Ι.
813 2331 1097 2385 indulgentias
1137 2346 1210 2387 pro
1249 2333 1520 2375 missionibus
1557 2332 1611 2374 ad
1650 2333 1916 2386 septennium

323 2406 497 2444 renovat
518 2401 623 2455 (Cfr.
646 2402 772 2445 Alex.
801 2401 916 2444 VIII.
942 2417 983 2445 n.
1007 2404 1070 2457 2.)

321 2469 365 2503 R.
385 2479 444 2512 ap.
464 2468 500 2502 S.
521 2469 569 2503 M.
590 2469 640 2503 M.
660 2469 817 2505 XXVIII
832 2470 921 2505 Maii
941 2473 1025 2506 1696
1044 2470 1084 2504 P.
1105 2481 1163 2505 an.
1184 2472 1227 2506 V.

1196 2580 1347 2614 Elench.
1369 2580 1456 2613 bun.
1477 2599 1518 2605 —
1537 2580 1625 2622 Περ.
1645 2580 1733 2615 bucl.
1758 2580 1838 2615 VH.
1858 2582 1915 2615 41.

408 2706 479 2750 35.
518 2708 590 2748 Ad
608 2707 869 2761 augsewlcmz
892 2708 1113 2759 fidelium.
1138 2729 1163 2735 -
1184 2704 1278 2746 Inn.
1303 2703 1382 2746 XII
1416 2705 1698 2760 indulgentias
1729 2719 1802 2760 pro
1824 2720 1916 2748 ora-

326 2775 441 2816 tione
470 2778 523 2816 40
545 2775 759 2827 horarum,
784 2776 914 2817 etiam
950 2777 992 2816 in
1030 2775 1310 2817 Mediolanen.
1334 2777 1437 2818 eccl.
1475 2777 1516 2819 S.
1556 2777 1610 2829 I.‚
1648 2781 1823 2819 renovat
1862 2777 1916 2819 ad

326 2848 592 2900 septennium
615 2847 711 2900 (cfr.
737 2847 843 2888 Alex
886 2846 1003 2898 VIII,
1027 2861 1067 2889 n.
1098 2848 1152 2900 1).

328 2912 369 2947 R.
389 2923 446 2955 ap.
468 2912 503 2947 s.
524 2913 573 2948 M.
595 2913 644 2947 M.
666 2912 823 2948 xxvm
841 2912 931 2947 Maii
951 2915 1036 2948 1696
1056 2912 1095 2946 P.
1115 2923 1174 2947 an.
1196 2912 1241 2947 v.

1116 3048 1121 3056 .
1195 3022 1347 3056 Elench.
1368 3023 1456 3056 bull.
1478 3042 1515 3046 —
1534 3024 1625 3067 Περ.
1645 3024 1734 3058 bun.
1761 3023 1843 3057 VII.
1862 3025 1917 3059 48.
1986 3057 1989 3060 .
