1989 3252
100 216 244 261 Clem.
263 214 351 258 XI.
755 241 809 249 η
837 219 917 259 445
947 242 1001 247 —
1558 218 1678 262 1715.

98 302 283 343 centium
299 301 531 354 commodo,
544 316 638 343 cum
655 301 709 343 ab
727 302 828 343 urbe
846 301 1078 344 Mantuana
1099 306 1123 345 5
1139 303 1337 344 milliaria
1352 307 1515 344 tantum
1533 303 1674 354 distet,

99 386 193 413 cum
223 385 347 413 onere
369 372 588 414 ecclesiam
623 372 838 414 reficiendi
870 373 1064 415 aedificia
1098 374 1361 415 restaurandi
1382 380 1425 414 et
1458 374 1676 415 annuatim

99 454 302 483 canonem
329 441 370 482 d.
393 441 587 483 Eminen.
612 442 971 485 commendatario
999 443 1183 485 solvendi
1203 457 1278 497 per
1296 444 1474 485 formam
1504 443 1676 497 emphy-

99 512 245 554 teusis.

97 577 142 613 R.
161 588 218 622 ap.
240 577 276 612 S.
296 578 345 612 M.
366 577 415 612 M.
438 578 517 614 VIII
533 578 606 612 kal.
627 579 734 614 Mart.
755 579 839 615 1714
857 579 896 613 Ρ.
917 591 978 616 an.
995 581 1076 616 XV.

1078 679 1203 712 Fund.
1228 679 1346 712 Venet.
1367 684 1390 711 t.
1419 678 1454 712 V.
1475 678 1672 712 Mantuam.

177 787 249 829 86.
283 786 333 825 A.
353 784 399 825 F.
424 783 473 826 R.
494 784 552 826 M.
572 792 645 829 Ex
665 789 742 829 ella
764 788 836 829 die
858 801 964 842 qua.
988 810 1013 815 —
1034 784 1165 826 Clem.
1190 784 1249 826 XI
1271 785 1440 827 decreta
1456 785 1507 826 de
1523 786 1674 827 ritibus

95 853 243 896 Sinicis
264 857 316 896 20
338 854 377 895 N
381 869 444 896 OV.
474 856 592 905 1704,
616 857 668 897 25
691 855 800 909 Sept.
829 857 933 896 1710
955 855 1052 896 data
1074 855 1295 896 confirmat
1316 861 1358 897 et
1388 857 1673 897 missionarios

94 938 376 980 quoscumque
411 927 539 966 etiam
576 924 617 966 S.
641 925 675 966 Ι.
702 940 750 967 ea
772 926 993 968 observare
1028 940 1076 966 ac
1112 927 1397 967 iuramentum
1432 927 1671 978 (insertum)

94 1008 222 1049 super
240 1008 290 1037 ea
311 1009 355 1036 re
375 1001 590 1049 praestare
612 996 741 1038 iubet.

94 1060 137 1095 R.
155 1072 212 1104 ap.
233 1060 270 1096 S.
288 1062 338 1096 M.
357 1062 406 1096 M.
426 1062 513 1096 XIX
530 1063 637 1097 Mart.
661 1065 744 1097 1715
762 1062 801 1096 P.
822 1074 881 1096 an.
900 1063 981 1097 XV.

93 1158 194 1193 Ball.
215 1159 321 1193 Rom.
339 1177 382 1184 —-
399 1160 498 1194 Bull.
516 1164 560 1194 de
571 1172 730 1204 propay.
748 1161 821 1204 fide
838 1161 890 1201 II,
909 1164 983 1197 306.

171 1269 240 1312 87.
274 1267 323 1309 A.
348 1267 394 1308 Ρ.
420 1267 469 1308 R.
495 1266 552 1309 M.
579 1273 834 1312 pastoralis
857 1271 995 1323 officie·
1014 1284 1143 1312 cura.
1164 1294 1188 1300 -
1208 1268 1340 1310 Clem.
1369 1268 1428 1310 XI
1449 1269 1669 1322 collegium

89 1351 165 1379 seu
187 1339 458 1379 seminarium
494 1339 533 1380 S.
559 1339 613 1390 Ι.,
636 1344 730 1392 post
765 1341 964 1380 continua
1000 1341 1359 1381 missionariorum
1382 1340 1421 1382 d.
1446 1340 1488 1382 S.
1513 1341 1555 1381 in
1578 1354 1668 1394 sep-

87 1409 295 1449 tentrione
316 1414 426 1459 vota,
451 1408 527 1449 sub
549 1409 614 1449 tit.
639 1411 663 1450 3
692 1409 762 1450 SS.
787 1423 929 1462 regum
953 1414 995 1450 et
1017 1414 1137 1450 mart.
1164 1409 1295 1461 Erici,
1319 1410 1470 1451 Canuti
1494 1414 1536 1450 et
1557 1410 1666 1461 Olai,

87 1479 130 1520 in
160 1492 257 1533 opp.
282 1479 453 1533 capitali
484 1481 711 1533 superioris
733 1481 928 1520 Austriae
951 1495 1074 1520 nunc.
1099 1480 1242 1521 Lincio
1272 1481 1510 1521 Passavien.
1537 1481 1667 1522 dioec.

89 1563 115 1590 a
134 1549 311 1603 Iosepho
332 1554 375 1590 et
394 1550 542 1592 Carolo
564 1551 889 1603 imperatoribus
911 1551 1056 1592 electis
1078 1551 1314 1603 fundatum,
1333 1552 1386 1592 ad
1407 1552 1667 1593 iuventutem

90 1633 142 1661 ex
163 1620 327 1672 Suecia‚
351 1620 486 1662 Dania
515 1625 557 1662 et
577 1621 614 1661 N
618 1622 784 1673 orvegia
818 1635 923 1674 pura
943 1635 992 1662 ac
1023 1622 1233 1662 catholica
1267 1622 1456 1663 doctrina
1478 1622 1669 1664 imbuen-

85 1690 197 1743 dam,
221 1696 356 1745 apost.
381 1693 633 1733 auctoritate
654 1692 889 1743 confirmat,
913 1693 1048 1733 varias
1078 1694 1228 1734 rectori
1249 1698 1289 1733 et
1311 1693 1599 1746 superioribus
1621 1693 1663 1734 d.

83 1761 245 1814 collegii
267 1761 491 1803 facult-ates
511 1763 716 1816 impertit.

86 1827 128 1862 R.
148 1838 204 1870 ap.
227 1827 262 1862 S.
282 1828 332 1862 M.
351 1828 400 1862 M.
421 1828 491 1864 XII
511 1829 587 1862 lun.
610 1831 694 1864 1715
711 1829 753 1862 Ρ.
773 1839 831 1862 an.
852 1827 935 1863 XV.

86 1925 188 1960 ΒιιΙΙ.
207 1926 252 1959 de
266 1938 423 1970 propa-q.
443 1928 526 1970 fide.
547 1928 597 1962 II.
618 1930 693 1962 310.
1227 1930 1351 1964 Fund.
1366 1941 1426 1971 pr.
1445 1931 1570 1964 Auser.
1591 1937 1613 1963 t.
1634 1931 1663 1965 I.

167 2038 239 2079 88.
271 2035 312 2076 S.
350 2034 499 2088 Congr.
536 2035 586 2077 de
621 2049 736 2089 prop.
773 2034 854 2076 fide
876 2060 900 2066 -
921 2035 1159 2077 Decretum.
1185 2036 1404 2079 Referente
1444 2037 1572 2079 Silvio
1613 2038 1663 2079 de

83 2105 312 2147 Cavaleriis
328 2107 513 2160 archiep.
534 2106 792 2147 Athenarum
809 2120 914 2148 secr.
935 2107 1172 2160 praefectus
1194 2108 1438 2150 missionum
1462 2109 1543 2151 PP.
1564 2109 1606 2152 S.
1624 2109 1659 2151 Ι.

87 2175 130 2216 in
166 2189 282 2229 prOV.
320 2176 453 2230 Belgii
488 2177 643 2218 foeder.
679 2176 732 2217 ad
766 2178 994 2218 triennium
1034 2177 1270 2219 declaratur
1308 2179 1354 2220 P.
1397 2179 1568 2221 Isaacus
1611 2181 1662 2221 de

85 2245 261 2299 Bruyn..
287 2247 386 2298 (Cfr.
406 2261 446 2288 n.
467 2248 554 2300 77.)
576 2273 601 2278 —
622 2248 704 2290 Ios.
721 2248 844 2291 Card.
865 2249 1129 2303 Sacripantes
1145 2251 1295 2304 praefi,
1314 2250 1354 2292 S.
1375 2250 1487 2291 arch.
1507 2250 1658 2292 Athen.

83 2317 256 2359 electus.

83 2385 124 2419 12
141 2383 170 2417 N
175 2394 230 2418 ον.
253 2386 348 2420 1715.

1260 2497 1348 2540 Rea.
1368 2497 1456 2531 buu.
1484 2495 1561 2533 VII.
1583 2498 1657 2533 125.

167 2604 238 2646 89.
272 2601 321 2643 In
337 2616 478 2656 congr.
495 2603 589 2656 gen.
609 2603 650 2646 S.
674 2603 725 2647 R.
743 2609 786 2646 et
800 2603 854 2646 U.
874 2604 908 2646 Ι.
996 2605 1129 2646 relata
1148 2606 1422 2648 instantia...
1459 2606 1506 2647 P.
1539 2604 1660 2647 Ioan-

84 2672 148 2713 nis
169 2672 298 2714 Barse
318 2673 359 2715 S.
383 2673 419 2716 Ι.
442 2688 532 2727 sup.
558 2676 672 2716 miss.
697 2676 738 2715 in
760 2675 932 2727 Syria...
952 2675 993 2718 S.
1019 2676 1068 2716 D.
1089 2675 1160 2717 N..
1179 2678 1396 2718 renovavit
1420 2676 1656 2728 facultates,

83 2742 136 2783 ad
155 2743 270 2784 aliud
291 2744 626 2798 quadriennium.
652 2745 753 2799 (Cfr.
778 2759 818 2787 n.
841 2748 930 2798 70.)
950 2771 1003 2776 —
1023 2745 1104 2787 Ios.
1130 2746 1340 2798 Bai-tolus,
1362 2752 1448 2789 not.

83 2808 123 2842 F.
142 2811 162 2843 5
180 2809 236 2842 die
256 2812 295 2844 14
313 2810 402 2844 NOV.
423 2812 518 2845 1715.

1262 2917 1350 2961 Req.
1371 2920 1455 2950 bull.
1481 2917 1558 2952 VII.
1580 2919 1653 2952 124.

162 3022 238 3065 90.
271 3019 320 3062 In
341 3021 589 3074 particulari
609 3020 825 3064 audientia
846 3022 945 3064 data
967 3025 1166 3065 assessori
1188 3024 1229 3066 S.
1254 3023 1333 3067 Off.
1357 3024 1403 3066 P.
1429 3023 1574 3067 Isaaco
1603 3025 1655 3067 de
