1989 3252
259 202 397 257 Greg.
417 202 518 247 XV.
936 227 986 233 —
1017 204 1098 244 304
1126 228 1180 233 —
1716 208 1847 254 1623.

257 288 432 341 collegio
466 288 646 341 legatae,
682 303 757 343 pro
792 291 928 343 pretio
963 293 1016 331 50
1051 296 1158 333 scut.
1196 305 1337 334 annuo
1372 293 1589 334 licentiam
1623 295 1871 339 concedant.

259 355 300 389 R.
321 366 380 398 ap.
400 356 437 389 S.
458 355 499 389 Ρ.
518 355 594 392 kal.
614 356 721 391 Mart.
740 359 824 392 1622
842 356 883 391 Ρ.
904 368 961 390 an.
987 357 1048 392 111.

1444 436 1535 480 Req.
1555 437 1643 470 buu.
1671 437 1710 473 V.
1731 439 1789 473 151
1811 439 1846 472 b.

339 546 411 589 54.
448 548 663 599 Exposcz'c
684 546 897 588 debitum.
921 569 947 575 -
962 543 1084 597 Greg.
1104 543 1197 597 XV,
1211 545 1452 598 petentibus
1468 551 1571 588 rect.
1593 552 1635 588 et
1651 547 1846 601 collegia-

257 614 369 656 libus
385 613 480 656 coll.
502 614 544 656 S.
558 613 594 655 I.
612 627 738 668 super
753 616 797 655 in
814 615 893 657 ciV.
913 613 1190 670 Corisopiten.
1211 617 1355 668 erecti,
1375 616 1545 658 officiali
1566 616 1843 672 Corisopiten.

256 685 432 728 mandat
453 690 501 726 ut
520 699 615 726 cum
638 685 679 727 d.
702 685 798 727 coll.
823 687 944 728 uniat
964 687 1195 740 prioratum
1216 687 1267 730 de
1287 687 1503 741 Lugamen
1519 702 1592 746 seu
1612 688 1848 743 Logamant

257 757 306 799 O.
332 757 374 799 S.
397 756 445 798 B.
471 756 511 799 d.
535 755 667 798 dioec.
692 770 718 798 a
739 756 927 798 Dionisio
963 757 1066 800 Sim.
1090 759 1140 800 de
1177 757 1476 813 Marquemont
1504 760 1702 814 archiep&
1738 760 1847 815 Lug-

257 827 413 870 dunen.
437 827 793 870 commendatario
816 830 1090 882 resignatum,
1115 843 1141 871 a
1162 844 1272 872 mon.
1294 829 1334 872 S.
1355 830 1500 871 Crucis
1516 830 1568 872 de
1589 830 1845 886 Quinperleo

257 899 298 942 d.
323 899 456 941 dioec.
482 899 805 953 dependentem.
828 900 898 943 Fr.
922 903 976 942 24
997 900 1091 943 duc.

256 966 300 1001 R.
320 978 379 1009 ap.
400 967 437 1001 S.
458 967 498 1001 P.
519 966 568 1001 VI
584 966 657 1000 kal.
679 970 765 1010 Apr.
789 969 873 1003 1623
891 967 931 1002 Ρ.
950 979 1009 1003 an.
1032 969 1090 1004 111.

1018 1067 1106 1111 Rey.
1127 1068 1213 1101 bucl.
1238 1068 1276 1102 V.
1298 1071 1360 1103 145
1380 1069 1411 1102 b.
1431 1086 1470 1093 -—
1489 1069 1614 1103 Fand.
1631 1080 1690 1113 pr.
1711 1069 1847 1103 Franc.

341 1179 414 1223 55.
450 1183 684 1221 Romanus
705 1181 937 1233 Pontifex.
975 1202 1001 1207 -
1033 1177 1155 1231 Greg.
1179 1176 1271 1231 XV,
1295 1178 1537 1232 petentibus
1559 1178 1709 1232 Praep.
1737 1178 1843 1220 Gen.

259 1253 302 1290 et
317 1254 478 1290 rectore
499 1254 542 1289 et
561 1247 851 1302 collegialibus
872 1248 967 1290 coll.
990 1249 1321 1303 Petragoricen.‚
1345 1250 1518 1292 mandat
1533 1250 1745 1292 Ludovico
1767 1253 1846 1303 epo

259 1319 474 1362 Sarlaten.
516 1320 604 1361 sive
645 1321 736 1361 eius
775 1320 944 1362 officiali
984 1327 1031 1362 ut
1070 1335 1165 1362 cum
1206 1321 1245 1363 d.
1290 1321 1385 1364 coll.
1429 1323 1578 1363 uniant
1613 1322 1846 1375 prioratum

259 1391 299 1433 S.
325 1391 526 1445 Cypriani
561 1392 609 1433 0.
635 1392 676 1433 S.
702 1392 808 1445 Aug.
833 1405 926 1434 can.
950 1406 1036 1446 reg.
1061 1392 1102 1434 d.
1126 1393 1259 1435 dioec.
1284 1407 1358 1447 per
1387 1393 1549 1435 obitum
1584 1393 1772 1437 Barthol.
1795 1393 1847 1435 de

259 1463 301 1505 la
322 1462 509 1505 Gardere
545 1467 765 1505 vacantem
799 1468 842 1505 et
870 1463 923 1505 ad
945 1478 1085 1518 regem
1105 1465 1227 1506 iuxta
1247 1464 1501 1507 concordata
1520 1466 1632 1507 inter
1651 1465 1684 1506 F
1686 1478 1803 1508 ranc.
1826 1464 1847 1506 I

261 1540 305 1576 et
323 1534 366 1577 S.
391 1534 539 1576 Sedem
559 1535 666 1576 inita
684 1540 963 1589 spectantem.
987 1535 1055 1578 Fr.
1079 1538 1134 1578 24
1154 1535 1250 1578 duc.

260 1602 301 1636 R.
322 1612 380 1645 ap.
400 1601 436 1636 S.
457 1602 498 1636 P.
520 1612 603 1636 non.
623 1603 712 1645 Apr.
734 1605 818 1638 1623
836 1603 877 1637 P.
898 1614 957 1636 an.
976 1603 1037 1638 ΙΙΙ.

1447 1681 1535 1725 Ray.
1556 1681 1644 1715 buzl.
1671 1680 1709 1715 V.
1732 1683 1793 1716 143
1812 1682 1848 1715 b.

340 1793 413 1836 56.
448 1798 666 1848 Eoeposcz't
687 1793 902 1836 debitum.
925 1816 951 1822 —
972 1790 1095 1845 Greg.
1120 1791 1214 1845 XV,
1251 1792 1492 1846 petentibus
1522 1796 1625 1833 rect.
1658 1796 1701 1833 et
1721 1791 1848 1833 colle·
1897 1834 1904 1843 Ι

254 1862 436 1915 gialibus
456 1862 555 1903 coll.
578 1861 619 1903 S.
644 1861 680 1904 I.
706 1861 920 1915 Tolosam„
939 1862 1113 1904 mandat
1133 1863 1302 1904 Salvato
1324 1867 1401 1916 epo
1424 1862 1621 1904 Tarbien.
1645 1863 1732 1904 sive
1756 1863 1845 1903 eius

255 1933 425 1974 officiali
442 1937 488 1974 ut
503 1946 598 1974 cum
615 1933 655 1974 d.
675 1933 770 1975 coll.
793 1934 945 1975 uniant
962 1934 1198 1987 prioratum
1214 1934 1261 1976 B.
1283 1934 1341 1975 M.
1361 1934 1412 1975 de
1428 1932 1648 1974 Madirano
1665 1934 1714 1975 O.
1736 1933 1779 1975 S.
1793 1933 1842 1975 B.

255 2005 296 2047 d.
311 2005 446 2046 dioec.
459 2018 485 2045 a
501 2003 651 2046 Carolo
671 2004 881 2060 (Claudio)
898 2006 996 2046 Ant.
1012 2020 1037 2046 a
1055 2005 1097 2047 S.
1114 2004 1292 2059 Sulpitio
1309 2005 1538 2047 archidiac.
1553 2006 1714 2046 maiore
1740 2004 1841 2047 eccl.

256 2076 500 2129 Caturcen„
523 2082 795 2129 procuratore
818 2076 1005 2118 Martiali
1026 2077 1308 2129 Duboucheys
1329 2077 1431 2118 cler.
1454 2076 1721 2129 Lemovicen,
1745 2077 1848 2118 resi-

256 2154 443 2201 gnatum,
465 2147 784 2189 conventualem
809 2161 893 2189 non
912 2153 1056 2190 tamen
1077 2149 1318 2201 electivum,
1341 2150 1431 2190 sine
1461 2162 1562 2190 cura
1591 2149 1844 2200 animarum,

256 2219 311 2262 ad
331 2219 603 2261 collationem
623 2219 791 2262 abbatis
813 2221 855 2262 S.
879 2220 996 2262 Petri
1022 2221 1074 2263 de
1095 2220 1339 2262 Marciliaco
1370 2220 1594 2262 Caturcen.
1617 2219 1747 2262 dioec.
1774 2219 1843 2262 Fr.

256 2292 312 2333 24
331 2289 429 2332 duc.

258 2357 302 2392 R.
320 2368 379 2400 ap.
398 2357 434 2392 S.
456 2359 496 2391 Ρ.
516 2357 599 2392 VIII
617 2358 704 2401 Apr.
726 2360 812 2394 1623
829 2359 870 2394 Ρ.
890 2370 951 2393 an.
971 2358 1031 2394 111.

918 2436 995 2481 Rey
1012 2436 1090 2471 bull
1116 2437 1154 2470 V.
1177 2439 1237 2471 147
1255 2437 1288 2470 b.
1315 2455 1350 2461 —-
1368 2436 1491 2470 Fund.
1508 2447 1567 2480 pr.
1594 2437 1708 2470 Tolos.
1730 2441 1753 2469 t.
1773 2436 1846 2471 III.

341 2547 411 2591 57.
445 2552 496 2589 In
518 2548 794 2602 apostolieae
811 2549 954 2589 Sedis.
978 2569 1005 2575 -
1025 2545 1146 2598 Greg.
1185 2544 1278 2598 XV,
1301 2545 1542 2599 petentibus
1562 2545 1713 2599 Praep.
1737 2544 1841 2587 Gen.

259 2623 302 2659 et
321 2622 485 2658 rectore
519 2617 668 2658 domus
702 2616 820 2670 prob.
846 2617 1042 2659 Tolosan.
1067 2616 1107 2658 S.
1134 2616 1188 2669 I.,
1213 2616 1382 2657 mandat
1413 2616 1623 2658 Ludovico
1645 2617 1844 2670 archiep&

259 2688 297 2730 N
301 2689 503 2730 arbonen.
527 2692 575 2729 ut
595 2701 690 2729 cum
712 2687 753 2729 d.
773 2687 896 2729 domo
912 2689 1031 2728 uniat
1047 2689 1281 2741 prioratum
1299 2688 1560 2729 saecularem
1581 2688 1622 2730 S.
1643 2687 1846 2742 Stephani

259 2761 310 2802 de
331 2760 533 2812 Tersano,
557 2772 686 2814 prope
707 2772 803 2813 opp.
828 2758 880 2800 de
900 2758 1035 2800 Asilio
1057 2758 1099 2800 d.
1123 2759 1256 2801 dioec.
1281 2773 1355 2813 per
1375 2760 1702 2812 resignationem
1723 2759 1844 2800 Man-

258 2831 366 2873 fredi
391 2830 566 2872 Veziani
586 2831 738 2884 prioris
771 2836 993 2873 vacantem
1024 2831 1287 2885 personalem
1308 2830 1580 2872 residentiam
1603 2844 1684 2872 non
1704 2832 1844 2885 requi-

258 2908 438 2955 rentem,
462 2903 553 2943 sine
574 2915 678 2943 cura
697 2902 950 2945 animarum.
974 2900 1044 2945 Fr.
1068 2904 1123 2945 24
1143 2902 1241 2945 duc.

257 2969 302 3006 R.
321 2979 379 3013 ap.
400 2968 437 3004 S.
458 2969 498 3003 P.
519 2969 566 3004 VI
584 2968 633 3003 id.
654 2969 741 3012 Apr.
765 2971 849 3005 1623
868 2969 912 3004 Ρ.
932 2980 989 3003 an.
1012 2968 1072 3005 III.

1487 3041 1578 3084 Rey.
1599 3040 1688 3074 buil.
1711 3041 1752 3075 V.
1775 3043 1849 3075 149.
