1989 3252
246 150 393 195 Clem.
415 149 543 193 XIV.
914 172 970 177 —
997 148 1078 188 506
1105 172 1162 178 —
1720 151 1844 195 1773.

245 236 547 278 auctoritatem
564 235 833 288 superiorum
846 238 998 286 cassat,
1016 235 1141 277 sociis
1161 235 1370 289 providet,
1389 249 1460 278 eos
1482 235 1535 276 ad
1557 235 1842 278 ministerium

247 320 429 359 sacrum,
468 305 522 347 ad
559 305 832 347 erudiendam
867 306 1144 359 iuventutem,
1181 306 1234 347 ad
1268 306 1476 348 beneficia
1509 310 1552 347 et
1585 306 1841 360 stipendium

247 378 412 420 habiles
434 376 637 428 declarat,
661 376 856 430 prohibet
876 390 928 418 ne
950 377 1094 418 Brevis
1114 382 1410 431 argumentum
1430 380 1649 419 tractetur.

247 444 288 478 R.
309 455 368 487 ap.
390 443 426 478 S.
448 443 498 477 M.
521 444 568 478 M.
587 443 678 478 XXI
694 443 761 479 Iul.
785 445 869 478 1773
888 443 928 477 P.
948 454 1007 476 an.
1032 443 1076 478 V.

247 568 349 602 Rulz.
371 569 478 603 Rom.
496 587 540 593 --
556 569 648 603 Nou.
668 568 756 602 bun.
777 568 812 602 S.
832 570 861 603 Ι.
881 571 957 604 313.

330 694 397 737 15.
436 694 483 734 A.
508 691 556 733 F.
582 691 632 734 R.
657 691 714 734 M.
743 700 1044 738 Gravissima&
1065 710 1123 738 &B
1142 703 1311 739 causis.
1331 719 1357 725 -
1373 694 1503 736 Clem.
1525 693 1624 735 XIV
1643 694 1697 736 ad
1717 695 1844 737 breve

247 764 557 817 suppressionis
588 763 628 806 S.
654 764 689 806 Ι.
714 765 1031 819 exsequendum
1062 768 1086 808 5
1124 765 1403 807 cardinalium
1425 770 1467 808 et
1495 768 1522 807 4
1556 767 1842 808 consultorum

251 836 616 888 congregationem
634 837 835 889 instituit,
854 838 893 878 ei
914 838 1208 879 auctoritatem
1226 841 1268 879 et
1287 837 1422 891 legem
1446 838 1597 879 secreti
1617 838 1844 879 committit

248 920 297 948 ac
333 907 398 947 ius
434 907 687 960 privativum
711 907 942 961 deputandi
977 908 1031 950 ad
1051 910 1169 950 varia
1191 909 1426 951 ministeria
1461 923 1486 950 a
1514 908 1554 951 S.
1580 908 1615 950 I.
1640 910 1845 963 praestari

248 978 386 1020 solita.

249 1045 293 1079 R..
314 1057 372 1087 ap.
393 1045 429 1079 S.
452 1046 499 1079 M.
522 1047 569 1080 M.
590 1046 676 1081 XIII
694 1046 787 1089 Aug.
810 1049 894 1082 1773
913 1047 953 1081 P.
974 1058 1032 1082 an.
1056 1048 1099 1082 V.

248 1170 342 1203 Nov.
363 1171 452 1204 hall.
471 1171 507 1206 S.
526 1171 555 1205 Ῑ.
575 1174 652 1206 329.

334 1299 402 1341 16.
439 1296 589 1350 Congr.
604 1296 655 1338 de
671 1297 880 1339 abolenda
891 1297 932 1340 S.
946 1297 981 1340 I.
996 1299 1194 1351 (Gorsini,
1207 1299 1476 1352 Marefoschi,
1488 1299 1657 1352 Carasa,
1670 1299 1842 1352 Zelada,

250 1367 405 1409 Caselli
441 1368 605 1423 cardd.)
627 1369 795 1411 litterae
815 1370 869 1411 ad
899 1371 1116 1424 episcopos
1136 1376 1183 1412 ut
1202 1372 1465 1425 congregatis
1485 1372 1529 1412 in
1565 1385 1694 1412 unum
1721 1372 1846 1413 sociis

253 1439 295 1480 S.
319 1439 353 1481 I.
378 1440 542 1481 litteras
563 1441 832 1494 Apostolicae
853 1443 901 1483 21
927 1442 1010 1483 Iul.
1029 1443 1298 1495 denuncient,
1317 1442 1533 1485 domorum
1559 1443 1599 1485 S.
1625 1443 1660 1484 Ι.
1685 1456 1846 1496 posses-

253 1511 413 1552 sionem
435 1511 755 1565 apprehendent
776 1518 855 1554 etc.

252 1576 388 1611 Romae
408 1577 526 1613 XVIII
544 1579 638 1621 Aug.
661 1580 756 1614 1773.

252 1702 347 1737 Nov.
368 1703 457 1737 hall.
479 1704 514 1738 S.
534 1705 562 1738 I.
583 1706 658 1739 331.

339 1831 409 1874 17.
442 1828 632 1881 Ignatius
654 1829 832 1871 Iacobus
872 1844 925 1872 ex
946 1832 1155 1884 supremis
1190 1832 1450 1886 principibus
1485 1832 1714 1874 Roxolanis
1737 1831 1848 1872 Mas·

254 1900 383 1942 salski
405 1901 533 1954 episc.
560 1900 746 1954 Vilnen.,
773 1902 944 1944 decreto
965 1908 1113 1945 contra
1141 1902 1182 1945 S.
1207 1903 1242 1945 I.
1268 1904 1453 1946 nondum
1474 1903 1668 1957 legaliter
1687 1903 1850 1957 procla-

256 1976 391 2025 mato,
434 1972 703 2014 commendat
743 1974 1033 2027 superioribus
1074 1974 1293 2017 domorum
1335 1975 1375 2017 d.
1418 1975 1459 2017 S.
1502 1980 1551 2016 ut
1589 1975 1850 2028 adimpleant

255 2048 479 2085 consuetas
516 2044 771 2097 functiones,
794 2045 855 2086 eis
891 2059 1017 2099 super
1054 2060 1253 2100 personas
1285 2047 1327 2088 in
1358 2047 1544 2100 ipsorum
1575 2046 1849 2088 contubernio

256 2115 498 2156 habitantes
519 2129 639 2157 suam
662 2121 915 2169 potestatem
936 2118 1237 2171 communicat,
1263 2119 1491 2173 literasque
1516 2119 1592 2160 has
1622 2119 1666 2159 in
1694 2118 1850 2159 virtute

256 2186 296 2228 d.
322 2186 584 2228 obedientiae
606 2187 661 2228 ad
682 2202 827 2230 omnes
849 2188 889 2230 d.
915 2188 957 2231 S.
984 2189 1128 2231 domos
1150 2191 1381 2232 transmitti
1402 2194 1445 2232 et
1464 2189 1678 2232 observari
1698 2189 1801 2231 vult.

256 2253 467 2294 Varsaviae,
490 2256 528 2287 19
546 2254 644 2297 Sept.
670 2257 763 2289 1773.

1458 2382 1569 2416 Arch.
1585 2392 1671 2426 qen.
1692 2382 1726 2416 S.
1746 2381 1776 2417 Ι.
1794 2381 1850 2424 (1).

349 2678 386 2720 1.
426 2674 491 2716 Ex
513 2675 735 2717 audientia
755 2675 871 2718 SSmi
894 2675 943 2719 D.
971 2676 1033 2718 Pii
1070 2676 1128 2719 VI
1150 2677 1190 2719 d.
1215 2680 1238 2719 9
1263 2677 1367 2732 Aug.
1397 2676 1559 2730 habita,
1583 2677 1635 2718 ad
1656 2677 1856 2719 tuendam

269 2746 504 2799 regularem
543 2747 853 2789 observantiam
889 2749 932 2789 in
953 2748 1056 2790 locis
1092 2762 1199 2802 quae
1219 2747 1458 2791 Moschicae
1494 2749 1643 2791 ditioni
1664 2748 1855 2802 subsunt,

269 2819 549 2859 committitur
559 2818 612 2859 ad
626 2819 855 2860 triennium
872 2818 1082 2861 Stanislao
1095 2819 1451 2862 Siestrzencewicz
1468 2821 1665 2874 episcopo
1681 2819 1855 2862 Mallen.

327 2971 374 3013 (1)
402 2970 476 3005 cfr.
497 2972 718 3006 Institutum
734 2973 770 3008 S.
790 2973 820 3006 1.
842 2973 979 3008 Romae
1002 2976 1094 3014 1869,
1116 2974 1143 3015 Ι,
1163 2976 1238 3009 418.
