1989 3252
102 208 280 252 Urban.
299 207 429 251 VIII.
766 228 821 234 —
849 206 928 246 309
958 230 1012 236 —
1549 204 1681 249 1624.

184 295 253 338 13.
285 299 469 348 Eoepom'
487 295 615 336 nobis
635 306 797 348 nuper.
816 315 842 321 -
856 290 1016 333 Urban.
1038 290 1155 342 VIII,
1174 290 1412 344 petentibus
1435 294 1513 343 epo
1534 289 1679 332 Vicen.

105 369 147 405 et
167 368 269 404 rect.
294 367 336 404 et
356 362 646 416 collegialibus
667 362 764 404 coll.
789 361 831 403 S.
854 360 890 402 I.
916 362 1082 414 Vicen„
1106 362 1278 403 mandat
1307 362 1504 414 archieps)
1535 359 1683 402 Tarra-

102 447 250 476 conen.
273 447 347 474 seu
367 435 456 475 eius
477 435 554 474 vic.
579 447 671 486 gen.
695 438 741 474 ut
762 432 801 474 d.
825 432 941 484 coll.‚
967 446 991 473 a
1011 432 1044 472 F
1047 434 1235 474 rancisco
1252 433 1342 486 ipso
1358 436 1436 485 epo
1456 434 1564 473 4000
1585 432 1681 474 duc.

101 505 233 558 pretio
253 504 449 545 inchoato
469 505 651 556 assignet
671 503 904 556 cappellam
929 503 1005 544 sub
1036 504 1171 545 invoc.
1212 503 1253 545 S.
1291 503 1412 554 Iusti,
1436 516 1511 556 per
1539 516 1683 556 quem-

102 575 200 617 dam
222 574 346 616 Vivet
363 575 611 616 canonicum
632 579 916 616 constructam
938 575 1179 628 neminique
1201 575 1456 626 collativam,
1481 587 1606 628 quam
1628 574 1679 615 de

101 646 241 700 aliquo
262 645 353 688 loco
373 659 448 699 pro
469 645 554 687 div.
578 643 648 687 off.
673 645 954 687 celebratione
976 645 1200 699 providens
1230 645 1269 686 d.
1307 644 1554 686 Franciscus
1587 658 1681 686 cum

103 716 348 770 campanili,
369 717 602 770 campanis,
626 717 807 758 sacrario
829 716 869 758 d.
893 716 1068 769 collegio
1089 717 1309 757 concessit.

102 782 145 817 R.
165 794 224 826 ap.
244 782 279 817 S.
300 782 350 816 M.
370 783 420 816 M.
440 782 527 818 XIII
543 783 633 817 Nov.
654 785 739 817 1623
757 782 797 816 Ρ.
819 793 876 816 an.
896 783 922 817 I.

1314 889 1402 933 Req.
1423 889 1512 922 bull.
1541 889 1580 923 V.
1600 890 1673 923 179.

182 1002 254 1044 14.
272 1006 378 1043 Cum
393 1004 508 1042 sicut
524 1000 797 1054 accepimus.
811 1022 837 1028 -
848 996 950 1038 Urb.
969 996 1047 1037 VII
1059 995 1273 1039 Friderico
1284 996 1398 1046 card.
1411 996 1679 1048 Borromaeo,

102 1069 202 1111 eccl.
220 1068 502 1111 Mediolanen.
522 1068 708 1121 praesuli
724 1069 949 1108 committit
969 1073 1015 1108 ut
1031 1067 1315 1121 superioribus
1330 1068 1371 1109 S.
1391 1067 1425 1108 Ι.
1446 1072 1487 1108 et
1503 1066 1680 1119 Congre-

101 1141 280 1194 gationis
301 1139 342 1182 S.
366 1139 488 1181 Pauli
508 1139 704 1181 decollati
725 1144 767 1181 et
787 1140 965 1180 fratrum
995 1140 1204 1181 minorum
1227 1139 1274 1180 O.
1300 1138 1339 1180 S.
1366 1138 1432 1179 Fr.
1458 1139 1676 1192 cappucci—

101 1225 249 1254 norum
270 1211 457 1252 inhibeat
475 1225 525 1252 ne
546 1211 738 1252 alumnos
760 1211 1079 1253 seminariorum
1102 1211 1140 1252 d.
1167 1212 1247 1252 civ.
1270 1211 1507 1252 litterarum
1528 1210 1677 1251 studiis

101 1283 179 1325 sub
213 1296 314 1324 cura
348 1282 388 1324 S.
412 1282 448 1323 Ι.
480 1288 698 1334 navantes,
721 1282 996 1336 quadriennio
1031 1295 1057 1323 a
1090 1282 1158 1323 die
1193 1296 1381 1323 recessus
1411 1281 1604 1330 durante,
1627 1281 1680 1322 ad

100 1353 294 1395 habitum
313 1353 548 1406 regularem
569 1352 810 1394 admittant.

101 1420 142 1455 R.
161 1430 220 1463 ap.
241 1419 277 1453 S.
297 1419 339 1454 P.
358 1419 445 1454 XVI
462 1420 546 1454 Dec.
569 1421 652 1454 1623
669 1419 709 1453 Ρ.
730 1430 789 1454 an.
810 1419 845 1454 I.

100 1528 201 1562 Bull.
223 1528 327 1563 Rom.

182 1650 249 1694 15.
283 1648 329 1691 C.
353 1648 395 1691 S.
417 1647 502 1689 Rit.
526 1672 552 1677 -
574 1646 730 1688 Montis
750 1646 916 1700 Regalis
937 1663 944 1688 :
982 1645 1155 1688 Iesuitis
1185 1652 1361 1699 negatur
1395 1645 1465 1689 off.
1489 1646 1530 1689 S.
1564 1647 1678 1689 Sacr.

103 1716 290 1772 qualibet
309 1718 444 1760 fer.V.
466 1731 550 1758 non
570 1717 773 1770 impedita
793 1724 835 1759 et
855 1716 924 1759 SS.
949 1716 1259 1771 Conceptionis.

101 1785 197 1823 1624,
218 1786 259 1819 14
275 1783 346 1818 feb.

100 1892 211 1926 Anac.
228 1896 301 1928 iur.
316 1898 417 1936 pont.
445 1891 565 1936 VIIp.
589 1894 664 1933 175,
683 1903 721 1926 n.
740 1895 820 1926 669.

182 2014 248 2057 16.
267 2019 341 2056 Em
358 2014 561 2056 iniuncto
581 2015 722 2056 nobis.
742 2036 767 2042 —-
784 2010 944 2053 Urban.
961 2010 1077 2062 VIII,
1096 2012 1236 2053 citatis
1252 2011 1333 2052 litt.
1354 2010 1476 2052 Pauli
1491 2011 1550 2063 ΙΙ,
1571 2018 1679 2056 Cum

101 2088 149 2127 in
167 2086 583 2139 omnibusjudz‘eiz's
607 2084 728 2135 1468,
768 2082 816 2124 V.
855 2083 910 2124 id.
954 2082 1073 2134 Maii,
1111 2082 1350 2136 petentibus
1385 2082 1566 2124 Henrico
1601 2086 1680 2135 epo

100 2153 310 2196 Conchen.
348 2159 389 2195 et
424 2154 581 2195 Ioanne
616 2154 667 2195 de
700 2153 912 2195 Montalvo
949 2162 1050 2195 rect.
1088 2153 1199 2194 dom.
1232 2153 1350 2207 prob.
1374 2153 1415 2195 S.
1440 2153 1474 2194 I.
1508 2167 1603 2206 opp.
1629 2153 1680 2194 de

102 2223 304 2278 Villarejo
324 2224 375 2266 de
395 2224 578 2266 Fuentes
598 2224 639 2266 d.
663 2225 797 2277 dioec,
822 2225 994 2266 mandat
1014 2225 1170 2266 decano
1191 2224 1291 2266 eccl.
1316 2223 1505 2265 Toletan.
1530 2228 1573 2265 et
1593 2224 1679 2265 offi-

101 2296 198 2337 ciali
231 2295 421 2338 Toletan.
458 2300 521 2349 ut,
544 2297 579 2337 si
599 2297 643 2336 in
671 2296 924 2348 evidentem,
947 2295 1166 2337 confirmet
1186 2297 1230 2336 in
1250 2296 1435 2336 favorem
1467 2295 1506 2336 d.
1532 2295 1678 2336 domus

101 2366 350 2408 locationem
363 2367 414 2408 ‘in
435 2367 743 2420 emphyteusim
768 2372 1014 2420 perpetuam
1037 2366 1199 2419 praedii
1234 2365 1458 2419 Paredejas
1486 2379 1610 2406 nunc.
1636 2366 1679 2406 in

100 2438 290 2478 terminis
324 2437 572 2490 oppidorum
606 2437 646 2479 d.
671 2437 891 2491 Villarejo,
914 2436 1149 2478 Villascusa
1180 2442 1221 2478 et
1243 2435 1472 2478 Alconchel
1492 2436 1578 2488 siti,
1602 2435 1678 2477 sub

49 2564 52 2565 ⁷
99 2521 238 2549 annuo
259 2522 418 2549 canone
452 2510 504 2549 30
538 2508 781 2550 fanecarum
816 2509 962 2560 tritici,
986 2521 1193 2549 summam
1223 2510 1274 2549 30
1299 2507 1391 2549 duc.
1416 2507 1676 2549 constituen-

101 2579 220 2621 tium.
246 2578 373 2620 Valor
393 2581 435 2620 in
456 2580 727 2634 proprietate,
749 2581 829 2620 400
851 2579 944 2621 duc.

102 2644 144 2678 R.
162 2655 220 2688 ap.
241 2644 276 2679 S.
297 2644 337 2678 P.
358 2645 424 2680 VH
442 2645 523 2679 Kal.
545 2645 651 2680 Mart.
677 2648 760 2681 1623
778 2645 817 2679 Ρ.
839 2656 897 2679 an.
916 2645 943 2680 I.

1335 2755 1422 2798 Rey.
1442 2753 1532 2809 buil.
1560 2753 1596 2787 V.
1618 2756 1681 2789 162

181 2874 246 2918 17.
278 2872 426 2925 Congr.
450 2871 492 2914 S.
516 2870 597 2914 Off.
621 2897 646 2903 -
666 2871 836 2913 Patrum
858 2871 898 2913 S.
923 2869 958 2912 I.
982 2871 1237 2912 morantium
1258 2871 1302 2910 in
1322 2884 1448 2923 regno
1470 2870 1677 2923 Synarum

101 2941 240 2996 (vulgo
268 2942 312 2984 la
335 2941 488 2997 China)
510 2942 843 2984 incumbentium
873 2941 1135 2983 conversioni
1164 2940 1335 2982 illarum
1364 2941 1548 2994 partium
1568 2941 1677 2983 lecto

100 3014 351 3067 memoriali,
374 3012 443 3057 SS.
468 3015 518 3057 D.
542 3013 596 3056 N.
619 3013 735 3068 Papa
768 3014 975 3056 concessit
1009 3013 1069 3055 eis
1089 3016 1137 3054 ut
1157 3013 1201 3054 in
1221 3011 1503 3055 celebratione
1524 3013 1676 3054 missae
