1989 3252
115 194 252 246 Greg.
272 191 373 235 XV.
784 215 839 220 —
867 191 942 231 301
979 214 1027 220 —-—
1559 189 1691 232 1622.

113 278 157 318 in
178 291 286 318 anno
320 276 590 330 designando,
614 281 656 318 et
676 277 718 316 in
753 277 899 318 mortis
919 277 1110 329 articulo,
1134 277 1240 329 sing.
1264 275 1477 317 mensibus
1496 275 1522 315 '7
1543 287 1689 316 annor.

116 352 158 389 et
178 349 202 388 7
224 347 423 401 quadrag.
446 348 634 401 aliasque
654 347 857 400 partiales
878 348 1082 388 concedit.

118 414 163 448 R.
183 425 241 457 ap.
261 414 296 447 S.
317 414 366 448 M.
387 414 437 448 M.
458 413 597 448 XXVII
615 413 713 456 Sept.
735 416 818 447 1622
838 413 877 446 P.
898 423 956 447 an.
978 413 1019 447 lI.

1294 523 1381 564 Rea.
1401 522 1490 555 bun.
1519 522 1555 554 V.
1579 523 1640 555 120
1658 521 1691 553 b.

195 646 264 688 41.
299 643 348 684 A.
368 642 413 684 P.
433 643 484 684 R.
504 643 558 683 M⁴
581 646 714 687 Sedes
733 647 996 699 apostoliea.
1016 668 1042 674 -—
1057 643 1177 695 Greg.
1197 641 1274 683 XV
1291 641 1434 683 domos
1451 646 1494 682 et
1514 640 1693 692 collegia

114 715 156 756 S.
179 713 233 766 I.‚
256 727 358 768 quas
379 714 422 754 in
452 727 578 767 regno
603 714 883 766 portugalliae
917 718 1043 767 atque
1069 713 1357 766 Algarbiorum
1392 711 1444 752 ad
1465 711 1693 753 solutiones

113 785 300 826 decimae
320 790 363 826 et
382 786 607 838 vigesimae
627 786 761 826 teneri
797 784 1098 835 declaraverat,
1121 784 1173 826 ab
1209 782 1449 825 huiusmodi
1485 782 1693 824 solutione

114 857 157 897 in
178 856 314 908 regnis
336 856 528 897 Sinarum
549 860 592 897 et
611 855 812 908 Iaponiae
835 855 964 896 eximi
985 854 1115 895 iubet.

112 921 156 956 R.
177 933 234 965 ap.
254 921 290 956 S.
312 922 361 956 M.
381 922 430 956 M.
454 921 481 954 V
502 921 589 956 Nov.
611 924 695 956 1622
712 921 753 956 P.
771 932 830 955 an.
849 921 892 956 II.

112 1029 216 1064 Ball.
237 1031 344 1066 Rom.
364 1048 407 1054 —
424 1029 525 1064 Ball.
545 1030 590 1063 de
603 1040 710 1073 prop.
730 1030 759 1069 I,
778 1031 809 1063 8.
1332 1028 1421 1071 Rey.
1441 1027 1530 1061 bull.
1557 1027 1595 1061 V.
1619 1029 1690 1061 109.

194 1155 268 1198 42.
302 1158 486 1209 Eoepom'
504 1156 633 1197 nobis
651 1168 813 1209 nuper.
838 1177 862 1184 -
883 1152 1006 1205 Greg.
1024 1151 1116 1204 XV,
1139 1152 1378 1205 petentibus
1399 1151 1693 1193 executoribus

113 1227 281 1265 testam.
308 1224 422 1265 Petri
444 1224 641 1276 Arringhi
662 1228 704 1265 et
729 1224 1030 1265 communitate
1051 1228 1091 1264 et
1112 1222 1350 1264 hominibus
1372 1224 1450 1264 civ,
1474 1222 1692 1264 Ravenna-

114 1294 549 1347 ten.‚archiepiscopo
566 1307 639 1335 seu
656 1293 822 1335 officiali
838 1293 1126 1334 Ravennaten.
1141 1293 1315 1335 mandat
1330 1297 1377 1334 ut
1392 1294 1433 1336 d.
1452 1298 1694 1335 testamentl

112 1378 194 1418 quo
215 1364 256 1406 S.
281 1364 314 1406 I.
343 1365 493 1406 haeres
514 1365 628 1406 univ.
653 1364 988 1406 constituebatur
1007 1364 1084 1405 sub
1105 1364 1342 1406 conditione
1363 1364 1459 1405 coll.
1484 1365 1526 1405 in
1549 1363 1587 1405 d.
1613 1364 1690 1405 civ,

117 1435 318 1487 erigendi,
333 1448 436 1476 onus
453 1437 477 1476 5
494 1436 643 1476 missas
658 1435 925 1489 quotidianas
945 1448 1020 1488 pro
1042 1436 1255 1475 testatoris
1277 1436 1452 1488 eiusque
1473 1439 1694 1488 parentum

119 1510 161 1547 et
180 1505 468 1560 Christophori
486 1506 536 1547 de
553 1506 675 1547 Petro
691 1506 912 1547 animabus
934 1506 1138 1547 recitandi
1154 1511 1420 1559 perpetuum,
1439 1510 1696 1547 commutent

117 1578 160 1618 in
181 1578 302 1619 solita
324 1578 364 1619 d.
387 1592 471 1620 soc.
500 1576 697 1631 suffragia
719 1591 792 1631 pro
815 1577 1150 1619 benefactoribus
1171 1585 1213 1618 et
1233 1577 1357 1619 solita
1377 1577 1623 1618 ministeria.

118 1642 163 1677 R.
183 1654 241 1686 ap.
263 1643 297 1678 S.
320 1643 347 1677 Ρ
381 1643 468 1678 XIII
486 1643 574 1677 NOV.
599 1646 680 1678 1622
699 1644 738 1677 Ρ.
759 1654 817 1677 an.
837 1643 881 1677 Il.

1340 1753 1425 1794 Req.
1450 1751 1539 1785 hall.
1565 1752 1601 1784 V.
1625 1752 1698 1786 122.

201 1863 273 1907 43.
309 1861 359 1901 A.
385 1860 431 1902 F.
456 1861 507 1902 R.
530 1860 587 1902 M.
613 1869 797 1917 Expone·
815 1864 944 1905 nobis
964 1877 1125 1918 nuper.
1150 1887 1175 1892 -
1195 1861 1315 1914 Greg⁴
1341 1861 1431 1913 XV,
1455 1862 1698 1915 petentibus

120 1931 350 1983 guardiano
382 1931 530 1972 domus
551 1932 584 1972 O
623 1931 663 1973 S.
688 1932 755 1973 Fr.
781 1932 830 1973 fr.
856 1933 957 1973 min.
977 1932 1027 1973 de
1049 1932 1208 1973 observ.
1229 1933 1308 1973 civ.
1334 1932 1629 1985 Carthaginen.
1654 1933 1697 1973 in

119 2006 228 2054 part.
252 2001 344 2044 Ind.
369 2003 498 2044 occid.
523 2017 571 2044 ac
591 2008 692 2044 rect.
713 2008 753 2044 et
774 2003 910 2056 presb.
931 2003 1025 2045 coll.
1047 2003 1087 2045 S.
1108 2003 1141 2044 Ι.
1163 2004 1278 2044 civit.
1296 2003 1458 2056 praed,
1478 2001 1698 2044 confirmat

120 2071 388 2114 donationem
411 2072 452 2114 d.
471 2073 643 2126 collegio
661 2087 812 2127 magna
827 2087 967 2115 rerum
983 2075 1126 2127 inopia
1143 2073 1350 2115 laboranti
1366 2087 1391 2114 a
1407 2073 1446 2114 d.
1466 2072 1695 2126 guardiano

119 2142 275 2185 factam
305 2144 482 2186 duarum
518 2159 710 2186 arearum
740 2146 806 2186 vel
837 2146 989 2186 situum
1023 2145 1120 2191 (val.
1145 2147 1252 2186 3000
1287 2145 1471 2198 pondera
1505 2150 1698 2186 monetae

120 2213 288 2256 illarum
328 2217 553 2270 partium),
594 2217 930 2269 provenientium
970 2230 1022 2257 ex
1060 2216 1316 2257 liberalitate
1356 2215 1525 2257 Ioannis
1553 2214 1697 2257 Nunes

119 2285 170 2326 de
190 2285 414 2339 Velliegas,
438 2287 509 2341 qui
531 2288 671 2328 omnia
691 2287 800 2329 bona
820 2301 897 2328 sua
917 2287 958 2329 d.
982 2287 1206 2329 conventui
1227 2287 1403 2328 fratrum
1424 2286 1663 2340 reliquerat.

119 2351 163 2386 R.
183 2362 228 2395 ap
262 2351 297 2386 S.
320 2352 360 2387 P.
379 2353 520 2388 XXVII
538 2354 626 2388 Nov.
648 2356 731 2388 1622
750 2353 790 2387 Ρ.
811 2365 869 2387 an.
892 2353 935 2388 lI.

1297 2462 1389 2504 Req.
1409 2461 1498 2496 hall.
1524 2462 1560 2493 V.
1583 2464 1644 2496 106
1663 2462 1696 2493 b.

202 2572 276 2614 44.
308 2569 359 2610 A.
393 2568 438 2611 P.
482 2569 531 2611 R.
575 2569 632 2611 M.
671 2577 744 2614 Ex
773 2573 906 2614 solita
939 2573 1040 2614 Sed.
1075 2573 1371 2626 Apostolicac.
1395 2568 1564 2622 -Greg
1601 2568 1694 2622 XV,

124 2639 365 2691 petentibus
385 2645 488 2681 rect.
513 2645 555 2682 et
575 2640 779 2693 religiosis
800 2640 948 2682 domus
969 2641 1011 2682 S.
1036 2640 1071 2681 Ι.
1096 2640 1324 2682 Calaritan.
1344 2645 1386 2681 et
1407 2640 1548 2681 Marco
1570 2639 1696 2681 Vieco

123 2709 261 2761 presb.
286 2709 533 2761 Calaritan.‚
556 2711 834 2762 concordiam,
858 2724 983 2763 super
997 2710 1071 2751 lite
1088 2711 1198 2751 circa
1214 2711 1375 2751 unitam
1393 2710 1601 2764 quondam
1622 2723 1698 2762 per

122 2778 244 2832 Greg.
268 2779 372 2821 XIII
408 2781 478 2829 (cf.
503 2788 547 2822 n⁰
568 2783 666 2834 280)
689 2781 728 2822 d.
754 2781 896 2822 domui
916 2781 1176 2834 probationis
1206 2781 1425 2822 ecclesiam
1448 2780 1498 2821 de
1518 2779 1698 2821 Sardara

123 2863 262 2891 coram
301 2851 411 2893 Phil.
448 2852 651 2893 Pirovano
693 2853 840 2906 palatii
874 2853 1090 2906 apostolici
1125 2852 1316 2893 auditore
1355 2851 1408 2892 ad
1454 2852 1698 2892 instantiam

125 2921 295 2963 Ioannis
341 2922 374 2962 F
376 2923 485 2964 adda
532 2923 571 2964 d.
614 2924 817 2965 ecclesiae
862 2925 1035 2965 rectoris
1074 2927 1187 2975 acta,
1227 2922 1583 2964 consentientibus
1620 2925 1698 2975 epo

121 2991 334 3034 Ussellen.
361 2998 403 3034 et
423 2993 670 3036 Turralben.
694 3008 743 3036 ac
765 2994 899 3036 Mutio
920 2993 1176 3036 Vitellescho
1199 2993 1349 3048 Praep.
1368 2993 1471 3035 Gen.
1496 2993 1538 3035 S.
1561 2992 1596 3034 I.
1619 2992 1698 3033 ini-
