1989 3252
591 464 1467 553 APPENDIX

766 790 1092 863 PAULI
1143 790 1289 862 ΠΙ.

312 958 338 1000 5
361 955 375 977 ²
412 958 589 998 Dudum
610 970 698 1011 pro
714 960 862 1011 par-te.
887 979 912 985 —
933 953 1039 995 Paul
1078 953 1144 994 III
1166 953 1197 994 F
1199 953 1389 995 rancisco
1420 951 1471 993 de
1502 951 1672 1005 Xavier,
1706 952 1819 994 socio

228 1025 452 1068 Societatis
469 1026 519 1067 de
536 1025 634 1067 Iesu
650 1040 774 1067 nunc.
790 1026 1026 1078 theologiae
1043 1025 1269 1079 professori
1285 1024 1429 1078 Apost.
1451 1022 1547 1065 Sed.
1566 1022 1726 1064 Nuntio
1733 1056 1814 1065 .....

228 1111 303 1151 pro
324 1097 598 1139 fundantibus
620 1098 687 1139 vel
707 1097 954 1139 dotantibus
974 1097 1147 1152 aliquod
1167 1095 1430 1138 scholaribus
1451 1096 1494 1136 in
1516 1095 1646 1137 sacris
1666 1094 1819 1136 litteris

228 1168 498 1210 instituendis
517 1169 738 1222 collegium
760 1168 1064 1222 indulgentiam
1086 1167 1291 1210 concedit.

228 1235 269 1270 R.
289 1246 347 1278 ap.
369 1236 404 1270 S.
425 1236 465 1270 P.
488 1238 583 1271 1540.

226 1344 328 1379 Ball.
341 1350 446 1388 patr.
467 1345 625 1388 Porcziy.
647 1344 671 1384 I,
693 1355 726 1387 p.
748 1346 825 1379 175.

308 1453 402 1499 ⁴25.2
424 1454 474 1496 A.
500 1453 549 1495 P.
571 1453 620 1495 R.
647 1452 705 1495 M.
733 1460 947 1510 copiosus
968 1455 1361 1498 immisericordia
1382 1459 1615 1496 Dominus.
1640 1477 1665 1483 -
1694 1451 1817 1495 Paul.

224 1525 305 1578 ΠΙ,
328 1525 382 1567 ad
403 1539 549 1579 preces
571 1525 741 1567 Ioannis
763 1524 815 1566 de
848 1524 961 1578 Vega
996 1525 1181 1579 proregis
1214 1525 1331 1577 regni
1366 1523 1536 1566 Siciliae
1569 1524 1682 1565 ultra
1717 1524 1818 1578 pha-

222 1611 318 1638 rum
335 1603 379 1639 et
394 1597 713 1639 communitatis
729 1597 913 1638 civitatis
930 1595 1151 1638 Messanae
1171 1596 1394 1648 collegium
1410 1595 1451 1637 S.
1470 1595 1504 1637 I.
1525 1596 1569 1636 in
1584 1595 1625 1637 d.
1645 1596 1815 1637 civitate

223 1674 412 1710 erectum
429 1669 472 1709 in
488 1669 811 1710 universitatem
829 1667 1064 1709 studiorum
1081 1668 1301 1709 constituit
1320 1681 1416 1708 cum
1437 1667 1632 1708 omnibus
1652 1666 1815 1708 iuribus

224 1744 267 1781 et
288 1740 520 1793 privilegiis
542 1739 769 1782 ordinariis
791 1744 916 1793 prout
935 1740 978 1780 in
999 1740 1113 1780 uniV.
1138 1739 1370 1781 Bononien.
1395 1739 1599 1780 Parisien.
1624 1738 1814 1781 Salman-

223 1812 350 1854 ticen.
375 1812 555 1866 aliisque
575 1825 668 1854 esse
698 1816 1023 1863 consueverunt,
1048 1811 1101 1852 ad
1132 1811 1448 1864 dispositionem
1470 1811 1520 1852 A.
1544 1810 1594 1852 R.
1627 1810 1674 1852 P.
1707 1810 1813 1852 Gen.

224 1882 373 1937 Praep.
398 1882 438 1925 S.
464 1882 498 1925 I.
524 1882 833 1924 Executionem
857 1882 1031 1924 mandat
1061 1882 1248 1936 archiep.
1282 1881 1452 1924 Rosian.
1488 1885 1566 1935 epo
1596 1880 1809 1923 Salucian.

222 1959 264 1996 et
283 1955 438 1996 vicario
460 1955 770 2008 archiepiscopi
791 1953 1030 1996 Messanen.

219 2021 263 2055 R.
283 2031 340 2065 ap.
361 2021 397 2055 S.
418 2021 459 2056 P.
481 2021 567 2056 XVI
585 2020 657 2056 kal.
681 2021 765 2056 Dec.
790 2024 872 2055 1548
889 2022 930 2056 P.
951 2032 1010 2056 an.
1029 2021 1111 2056 XV.

217 2129 415 2174 Sampz'erz',
432 2131 609 2165 Messana
625 2141 747 2171 sacra,
766 2132 836 2174 HJ,
855 2132 930 2166 533.
1376 2130 1501 2164 Fund.
1520 2140 1577 2171 pr.
1600 2129 1695 2163 Sicil.
1716 2133 1739 2163 t.
1768 2130 1804 2163 V.

778 2308 1052 2381 IULH
1103 2307 1248 2380 ΠΙ.

297 2471 360 2516 63
394 2470 440 2511 Α.
481 2469 527 2511 P.
566 2469 618 2510 R.
657 2469 715 2510 M.
755 2477 807 2513 ln
828 2475 1204 2526 supereminenti.
1242 2494 1267 2500 -
1315 2468 1399 2511 Iul.
1441 2468 1505 2510 III
1557 2468 1806 2510 confirmata

214 2542 371 2584 unione
393 2542 604 2595 prioratus
626 2541 674 2582 B.
698 2540 860 2582 Mariae
882 2541 933 2582 de
954 2541 1172 2582 Andansia
1192 2541 1240 2582 O.
1265 2541 1307 2582 S.
1331 2540 1379 2581 Β.
1419 2540 1624 2582 Viennen.
1665 2541 1799 2582 dioec.

214 2627 310 2654 cum
331 2615 550 2666 gymnasio
573 2626 648 2666 per
678 2612 862 2654 nobilem
896 2613 1033 2653 virum
1069 2612 1233 2654 Iustum
1270 2613 1321 2653 de
1356 2612 1552 2653 Turnone
1586 2611 1798 2653 dominum

214 2685 257 2724 in
278 2683 582 2738 temporalibus
618 2684 820 2726 baronem
870 2698 996 2726 nunc.
1034 2683 1177 2738 oppidi
1213 2684 1263 2725 de
1297 2683 1493 2725 Turnone
1528 2682 1796 2725 Valentinen.

214 2755 346 2797 dioec.
366 2755 406 2797 d.
426 2756 693 2808 gymnasium
710 2760 882 2797 auctum
901 2760 942 2797 et
964 2755 1196 2809 disciplinis
1217 2755 1438 2796 altioribus
1459 2754 1659 2797 docendis
1677 2767 1799 2807 para-

212 2831 302 2868 tum
325 2827 489 2868 iuribus
510 2832 554 2868 et
574 2827 802 2868 honoribus
825 2827 1115 2868 universitatis
1135 2827 1341 2880 generalis
1363 2827 1598 2868 studiorum
1618 2829 1754 2867 ornat.

211 2892 254 2927 R.
275 2905 332 2936 ap.
354 2894 389 2928 S.
411 2893 451 2928 P.
472 2893 521 2928 111
540 2893 588 2928 id.
608 2893 696 2928 Maii
716 2896 799 2928 1552
818 2893 859 2928 P.
879 2904 937 2928 an.
961 2893 1017 2929 111.

1227 3001 1352 3037 Fund.
1376 3001 1491 3036 Tolos.
1511 3007 1535 3036 t.
1555 3004 1586 3036 4.
1610 3001 1797 3036 Tua-none.
