1989 3252
95 171 237 217 Pauli
257 172 309 215 V.
764 194 817 201 —
846 172 925 211 283
954 196 1008 201 -
1550 171 1677 215 1618.

185 260 281 304 211.
315 261 388 302 Ad
409 274 461 302 ea
481 273 597 314 quae
615 262 900 315 apostolicae.
925 283 950 289 —
971 258 1091 300 Paul.
1113 257 1166 310 V,
1190 258 1431 311 petentibus
1459 257 1597 310 priore
1635 261 1677 298 et

103 328 289 381 capitulo
325 329 429 370 eccl.
467 329 508 370 S.
546 329 763 382 Sepulchri
799 330 878 370 ciV.
916 328 1171 370 Calataiubii
1211 328 1458 370 Tirasonen.
1477 328 1610 370 dioec.
1634 332 1678 369 et

102 403 266 440 rectore
286 403 329 440 et
348 400 601 452 presbyteris
622 400 716 441 coll.
740 400 779 441 S.
810 400 843 441 Ι.
881 399 1067 441 eiusdem
1101 400 1260 453 oppidi,
1284 401 1413 453 priori
1449 399 1677 441 saecularis

102 473 146 510 et
165 469 409 522 collegiatae
444 470 544 511 eccl.
583 470 723 523 oppidi
758 471 809 511 de
842 470 1013 511 Alcaniz
1048 469 1426 523 Caesaraugustan.
1464 469 1599 511 dioec.
1636 473 1679 510 et

102 539 267 581 officiali
288 540 662 593 Caesaraugustan.
682 541 852 582 mandat
868 545 913 581 ut
930 541 1154 582 decernant
1168 540 1330 581 litteras
1351 539 1679 582 confirmationis

103 609 349 652 concordiae
366 610 444 659 (cfr
459 625 586 664 supra
603 625 642 652 n.
660 613 753 664 190)
770 611 942 665 perinde
960 611 1098 652 valere
1114 625 1162 652 ac
1178 612 1212 652 si
1224 612 1267 652 in
1278 611 1379 663 illis,
1392 610 1501 664 quod
1510 615 1680 663 tempus

102 683 126 722 6
147 681 355 722 mensium
375 681 457 722 iam
479 686 577 722 tunc
599 681 833 733 effluxerat,
856 695 1099 735 expressum
1121 681 1285 723 fuisset.

99 747 141 781 R.
161 758 220 789 ap.
241 745 276 781 S.
296 746 346 780 M.
367 747 415 780 M.
438 757 520 781 non.
542 748 628 790 Apr.
654 749 735 782 1618
754 748 793 782 P.
815 747 990 783 an.X111.

1296 866 1387 910 Rey.
1407 866 1497 900 bull.
1517 865 1581 900 IV.
1602 867 1678 901 307.

181 988 279 1032 212.
314 989 386 1029 Ad
406 988 670 1042 auyendam
691 989 910 1040 fidelium.
948 1010 973 1017 -
1008 985 1127 1027 Paul.
1160 983 1197 1025 V
1222 983 1577 1026 Christifidelibus
1610 984 1682 1038 qui

107 1056 287 1099 orationi
306 1059 360 1098 40
377 1056 574 1098 horarum
592 1057 802 1098 <lominica
817 1057 1186 1110 quinquagesimae
1202 1060 1276 1097 aut
1291 1056 1425 1096 altera
1445 1069 1497 1096 ex
1519 1054 1681 1096 duabus

105 1127 351 1169 immediate
373 1127 643 1181 sequentibus
664 1127 778 1168 feriis
800 1128 843 1167 in
872 1127 1060 1168 ecclesiis
1089 1125 1129 1169 S.
1171 1128 1202 1168 I.
1241 1126 1523 1178 interfuerint,
1546 1125 1684 1166 indul-

104 1199 288 1251 gentiam
311 1198 542 1250 plenariam
566 1198 771 1239 concedit.
796 1197 1024 1240 Mediolani
1046 1198 1153 1239 hanc
1175 1198 1404 1239 orationem
1420 1196 1530 1237 infra
1549 1198 1598 1238 15
1614 1209 1684 1237 eos

105 1269 193 1311 dies
229 1269 301 1323 qui
335 1269 586 1310 dominicam
627 1270 805 1322 primam
848 1269 1190 1323 quadragesimae
1237 1268 1491 1323 praecedunt
1537 1266 1682 1308 haberi

104 1354 225 1394 posse
247 1339 452 1382 concedit.
477 1339 542 1381 Ad
561 1341 840 1394 septennium.

104 1406 150 1443 R.
171 1417 229 1450 ap.
252 1405 287 1440 S.
306 1407 358 1442 M.
378 1407 425 1438 M.
451 1406 575 1442 XXIV
591 1406 659 1442 Iul.
681 1409 763 1441 1618
780 1407 821 1441 Ρ.
841 1418 897 1442 an,
920 1407 1019 1443 XIV.

1252 1526 1338 1568 Req.
1358 1525 1445 1559 bun.
1466 1525 1533 1558 IV.
1552 1528 1629 1560 314.
1648 1526 1683 1558 b.

190 1648 290 1692 213.
326 1652 562 1689 Minuciae
581 1648 712 1689 nobis
731 1648 945 1690 cleb‘c‘lzmv.
975 1670 1000 1675 -
1036 1645 1154 1686 Paul.
1178 1643 1228 1696 V,
1250 1643 1490 1698 petentibus
1524 1643 1673 1697 Praep.

107 1715 213 1758 Gen.
238 1716 279 1759 S.
303 1715 336 1757 I.
363 1721 403 1757 et
424 1716 722 1757 communitate
743 1720 785 1756 et
805 1714 1044 1756 hominibus
1069 1716 1251 1756 civitatis
1276 1714 1309 1755 F
1311 1716 1495 1756 aventin.
1519 1713 1684 1755 Vicario

109 1787 295 1840 generali
316 1787 512 1840 Episcopi
535 1786 756 1827 Faventini
777 1786 950 1827 mandat
985 1786 1149 1826 litteras
1184 1786 1349 1826 unionis
1382 1785 1484 1826 eccl.
1521 1784 1561 1826 S.
1586 1783 1684 1825 Cas-

112 1860 218 1900 siani
238 1872 331 1900 cum
354 1858 447 1900 coll.
473 1858 513 1899 S.
539 1858 573 1899 Ι.
598 1858 826 1899 Faventino
848 1857 1020 1910 perinde
1041 1857 1182 1898 valere
1203 1871 1252 1897 ac
1273 1858 1307 1897 si
1329 1870 1454 1898 curae
1474 1858 1522 1897 18
1540 1856 1685 1897 domus

112 1929 283 1971 subesse
303 1934 346 1970 et
366 1931 417 1970 20
439 1930 606 1970 circiter
626 1929 807 1970 familias
830 1929 872 1968 in
893 1929 944 1969 iis
965 1928 1155 1969 habitare
1177 1932 1391 1968 narratum
1413 1927 1574 1968 fuisset.

108 1995 153 2030 R.
173 2006 229 2039 ap.
251 1995 286 2030 S.
307 1995 358 2029 M.
377 1995 427 2030 M.
447 2006 499 2038 pr.
520 1995 568 2028 id.
588 1995 685 2038 Sept.
708 1998 788 2030 1618
807 1995 846 2029 Ρ.
867 2005 924 2028 an.
948 1994 1042 2029 XIV.

1307 2114 1394 2156 Rey.
1414 2113 1503 2147 bull.
1523 2112 1590 2147 IV.
1609 2114 1684 2148 319.

190 2236 290 2279 214.
328 2240 663 2291 Cir-cumspecta
696 2242 820 2279 Rom.
852 2237 1103 2288 pontificis.
1140 2258 1166 2264 -
1200 2232 1319 2274 Paul.
1354 2232 1406 2285 V,
1443 2232 1707 2286 petentibus-

113 2304 264 2358 Praep.
287 2305 389 2346 Gen.
415 2305 457 2347 S.
481 2305 515 2346 Ι.
540 2311 581 2346 et
599 2306 747 2347 incolis
768 2306 847 2347 ciV.
872 2304 1139 2346 Ebredunen.
1163 2304 1417 2345 orthodoxae
1437 2303 1534 2345 fidei
1556 2303 1687 2345 culto-

114 2375 247 2428 ribus,
285 2376 481 2430 archiepo
516 2375 785 2417 Ebredunen.
821 2375 994 2416 mandat
1022 2380 1068 2416 ut
1089 2388 1183 2416 cum
1203 2375 1376 2427 collegio
1398 2374 1438 2416 d.
1464 2374 1555 2416 Soc.
1580 2375 1620 2415 in
1643 2373 1684 2415 d.

115 2447 288 2488 civitate
309 2450 546 2488 constructo
573 2447 692 2488 uniat
724 2448 955 2500 prioratum
991 2446 1030 2487 S.
1068 2445 1259 2486 Andreae
1292 2459 1419 2498 prope
1454 2444 1684 2499 Vapincen.

111 2517 399 2559 Cluniacensis
419 2517 517 2559 Ord.
537 2531 561 2558 a
577 2516 753 2559 Girardo
769 2517 933 2569 Peyron
950 2517 1086 2570 priore
1102 2530 1174 2569 per
1188 2520 1500 2569 procuratorem
1515 2515 1686 2556 Petrum

113 2587 257 2630 Iennel
278 2588 476 2629 clericum
499 2587 738 2629 Verdunen.
762 2588 1036 2641 resignatum,
1059 2588 1102 2628 in
1128 2600 1208 2640 quo
1231 2600 1256 2628 a
1276 2590 1327 2628 50
1356 2586 1476 2628 annis
1504 2584 1575 2627 off.
1599 2585 1683 2627 div.

112 2659 303 2710 cessavit,
327 2657 530 2699 aedificiis
551 2672 624 2712 per
646 2659 875 2700 haereticos
897 2657 1062 2710 dirutis,
1086 2658 1157 2711 qui
1179 2670 1203 2698 a
1223 2657 1475 2699 monasterio
1501 2655 1687 2709 generali

112 2727 376 2770 Cluniacensi
411 2728 631 2782 dependet.
672 2727 740 2770 Fr.
780 2730 833 2770 24
866 2728 960 2769 duc.
999 2729 1187 2769 Accedat
1224 2741 1449 2769 consensus
1488 2726 1686 2768 Ludovici

109 2796 230 2839 Card.
255 2812 280 2839 a
300 2798 472 2851 Guysia.

108 2863 151 2899 R.
170 2874 228 2909 ap.
250 2863 285 2898 s,
306 2864 355 2898 M.
375 2865 425 2899 M.
445 2864 492 2899 id.
516 2865 612 2909 Sept.
635 2867 719 2900 1618
736 2865 776 2899 Ρ.
796 2876 854 2899 an.
873 2865 971 2900 xlv,

1257 2988 1346 3036 3³9·
1365 2986 1455 3021 bull.
1474 2987 1538 3022 IV.
1557 2989 1633 3023 328.
1652 2988 1674 3022 b
