1989 3252
234 169 377 214 Clem.
399 168 530 214 VIII.
906 194 961 199 -
990 169 1071 210 530
1101 193 1156 199 -
1694 172 1824 218 1595.

233 256 304 307 sis,
328 256 447 296 cuius
468 256 694 296 comitatus
715 256 937 297 haeresum
958 261 1077 309 peste
1108 262 1172 298 est
1206 257 1387 299 infectus
1424 257 1819 300 determinationem

235 324 285 365 de
306 325 400 366 coll.
426 325 466 366 S.
493 324 526 366 I.
553 325 846 367 constituendo
867 325 988 366 valde
1010 325 1268 378 probavisse.

236 394 276 428 R.
297 404 354 435 ap.
376 390 412 426 S.
434 391 473 425 P.
494 391 613 426 XVIII
630 391 738 426 Mart.
761 392 846 426 1595
859 392 900 426 P.
920 402 978 425 an.
998 392 1059 426 IV.

231 505 302 538 Iul.
325 503 484 545 Poyiani
502 502 547 536 II
560 513 592 545 p.
616 504 689 536 170.

315 623 407 668 (35).2
439 623 490 663 A.
514 622 560 664 P.
585 621 634 664 R.
660 621 718 665 M.
745 626 952 667 coelestis
974 628 1131 666 Patris
1149 627 1457 678 providencia.
1483 648 1509 654 -
1529 624 1662 665 Clem.
1698 623 1817 677 VIII,

231 699 401 749 petente
422 694 528 735 duce
549 693 768 746 Bavariae‚
792 694 1095 735 monasterium
1132 692 1368 747 Ebersperg
1401 708 1529 736 nunc.
1562 708 1692 749 prope
1723 709 1818 749 opp.

231 766 502 809 Monachium
539 766 587 807 O.
613 764 653 806 S.
680 765 725 807 Β.
761 764 993 819 Frisingen.
1034 764 1169 806 dioec.
1207 765 1250 805 in
1286 779 1368 819 quo
1403 767 1590 820 quinque
1627 766 1823 807 monachi

232 842 457 891 supersunt
491 842 533 878 et
566 838 697 877 vitam
718 836 981 878 licentiosam
1017 836 1193 888 ducunt,
1217 837 1442 890 supprimit
1463 839 1638 892 eiusque
1660 838 1823 879 fructus

232 909 410 962 collegio
431 907 471 950 S.
497 908 533 951 I.
557 909 599 949 in
621 908 661 949 d.
686 921 782 962 opp.
807 909 1002 949 instituto
1023 907 1223 962 applicat.

234 978 276 1011 R.
295 987 353 1019 ap.
374 976 409 1011 S.
432 976 471 1010 P.
492 975 577 1010 XIV
597 975 670 1010 kal.
690 975 769 1010 Iun.
793 977 876 1010 1595
894 975 935 1010 Ρ.
955 986 1014 1010 an.
1037 976 1093 1010 IV.
1603 985 1623 1003 ο

231 1084 275 1117 Ρ.
296 1084 509 1127 Laymann,
531 1083 630 1117 Iusta
649 1083 858 1121 defensio...
879 1084 959 1118 1631
978 1082 1164 1125 Dz'lz'nqae,
1183 1086 1343 1127 append.
1363 1095 1399 1126 p.
1420 1087 1473 1119 37.

315 1203 407 1249 81.2
441 1211 714 1259 Accepimus
733 1206 969 1260 sinyularz'
984 1219 1086 1248 cum
1102 1208 1345 1261 voluptate.
1369 1229 1395 1234 -
1415 1202 1546 1247 Clem.
1565 1204 1667 1246 VIII
1683 1211 1823 1259 gratu-

233 1276 344 1318 latur
364 1275 539 1329 syndico
572 1279 615 1316 et
649 1274 796 1316 electis
831 1275 1015 1316 civitatis
1048 1274 1204 1316 Montis
1233 1275 1387 1329 regalis
1421 1289 1537 1329 prov.
1574 1276 1819 1318 Pedemont.

233 1348 283 1389 de
305 1347 519 1389 miraculis
554 1346 757 1400 Imaginis
792 1346 1008 1389 Gloriosae
1040 1346 1225 1400 Virginis
1261 1346 1421 1388 Mariae
1452 1361 1579 1401 prope
1608 1349 1823 1390 civitatem

231 1420 410 1474 patratis
431 1425 474 1460 et
495 1432 566 1460 eos
588 1418 837 1460 adhortatur
857 1422 904 1460 ut
924 1419 1106 1473 benigna
1126 1419 1344 1461 voluntate
1366 1419 1541 1461 audiant
1557 1424 1600 1461 et
1618 1421 1822 1474 impleant

234 1491 345 1546 quod
367 1505 466 1532 suus
489 1490 675 1531 Nuntius
696 1491 1035 1545 archiepiscopus
1056 1492 1108 1532 iis
1129 1496 1313 1547 exponet
1335 1492 1505 1533 nomine
1526 1505 1601 1534 suo
1624 1494 1691 1546 (ιι).

231 1559 272 1593 R.
293 1569 350 1601 ap.
373 1558 409 1592 S.
431 1558 471 1592 Ρ.
495 1558 542 1592 XI
562 1558 651 1592 Nov,
674 1560 757 1592 1595
777 1557 817 1592 Ρ.
838 1568 896 1592 an.
917 1557 978 1592 IV.

1079 1674 1201 1708 Fund.
1223 1675 1427 1709 Mediolan.
1449 1676 1520 1710 vol.
1550 1675 1616 1709 VII
1634 1676 1819 1711 Monetam:

313 1796 405 1842 83²
439 1804 711 1853 Accepimus
732 1811 894 1852 nupera
929 1821 961 1836 τ
990 1796 1121 1838 Clem.
1162 1794 1264 1837 VIII
1302 1796 1525 1838 abbatibus
1560 1802 1740 1838 monast.
1778 1796 1820 1839 S.

230 1866 449 1908 Gertrudis
486 1867 597 1907 intra
617 1872 660 1907 et
681 1865 720 1908 S.
747 1866 907 1908 Mariae
942 1867 1162 1908 Parcensis
1199 1874 1320 1908 extra
1354 1881 1496 1909 muros
1518 1868 1662 1921 oppidi
1691 1867 1823 1910 Lova-

231 1939 389 1980 niensis
406 1939 633 1980 committit
650 1943 696 1979 ut
711 1938 918 1992 religiosis
929 1938 971 1980 S.
982 1938 1016 1980 I.
1031 1939 1104 1992 qui
1121 1938 1340 1980 cuiusdam
1357 1939 1514 1981 decreti
1531 1953 1557 1980 a
1572 1941 1691 1981 curia
1708 1941 1824 1993 regia

232 2010 500 2052 Bruxellensi
535 2011 690 2063 vigore,
712 2011 987 2052 universitate
1022 2010 1298 2063 reclamante,
1323 2024 1491 2052 cursum
1513 2011 1820 2065 philosophiae,

233 2096 385 2136 nempe
406 2083 584 2135 logicam
608 2086 649 2123 et
669 2082 888 2135 physicam
924 2083 1133 2136 auspicati
1156 2087 1269 2134 sunt,
1292 2083 1554 2136 praecipiant
1575 2083 1652 2124 sub
1675 2097 1824 2125 censu-

231 2155 287 2195 ris
309 2158 356 2194 ut
376 2153 617 2194 abstineant
638 2153 769 2194 donec
792 2153 1091 2196 deliberaverit
1111 2153 1152 2196 S.
1177 2153 1224 2195 P.
1247 2169 1256 2206 3
1281 2168 1364 2195 non
1399 2154 1580 2195 intendit
1601 2154 1824 2208 prohibere

233 2226 456 2280 quominus
488 2225 823 2279 metaphysicam
860 2230 901 2267 et
920 2230 1111 2267 caeteras
1146 2224 1389 2279 disciplinas
1424 2239 1527 2280 quos
1559 2225 1708 2268 docere
1729 2240 1822 2280 per—

232 2298 349 2355 missi
370 2302 483 2349 sunt,
507 2295 798 2350 profiteantur.

230 2363 275 2398 R.
295 2363 401 2398 XXII
421 2363 504 2396 Dec.
528 2365 612 2397 1595
632 2362 670 2396 Ρ.
691 2373 750 2396 an.
770 2362 833 2397 IV.

237 2478 315 2512 Vaz.
336 2478 459 2511 Andr.
481 2478 584 2511 Fasti
600 2477 804 2511 academici
823 2479 907 2513 1650
927 2490 959 2520 p.
979 2480 1055 2514 380.

315 2599 408 2644 83.3
440 2599 491 2639 A.
516 2597 560 2639 P.
586 2597 637 2640 R.
662 2596 720 2639 M.
749 2604 981 2641 Romanus
1005 2600 1237 2654 Pontifeoe.
1262 2623 1287 2630 -
1317 2597 1449 2641 Clem.
1478 2599 1577 2641 VIII
1600 2600 1821 2642 ecclesiam

235 2670 502 2724 collegiatam
524 2669 564 2711 S.
589 2668 761 2711 Ioannis
781 2669 825 2709 in
855 2668 1042 2710 Damone
1073 2683 1199 2711 nunc.
1220 2670 1600 2712 Hildesheimensis
1620 2673 1821 2724 civitam,

237 2743 280 2782 in
320 2755 403 2796 quo
439 2741 575 2782 officia
609 2740 752 2781 divina
786 2740 1013 2782 choraliter
1041 2754 1122 2782 non
1168 2740 1291 2794 fiunt,
1329 2747 1371 2783 et
1404 2743 1563 2784 curiam
1599 2744 1701 2785 satis
1736 2757 1824 2784 am-

236 2813 362 2866 plam,
385 2813 437 2854 ad
459 2813 814 2853 constructionem
842 2811 1009 2865 collegii
1030 2817 1327 2866 opportunam,
1351 2813 1537 2855 oblatam
1558 2815 1707 2856 tribuit
1726 2829 1822 2857 con-

252 2955 296 2996 (l)
323 2955 380 2990 Sc,
402 2956 502 2990 iuxta
522 2955 645 2990 histor.
667 2966 709 2989 ex
727 2955 971 2998 eleemosynis
986 2956 1180 2990 uberrimis
1199 2967 1289 2998 quas
1305 2956 1375 2991 hac
1389 2958 1579 2992 occasione
1597 2959 1826 3001 collegerunt

235 3011 391 3045 fundare
409 3010 605 3054 collegium
624 3010 659 3045 S.
679 3011 705 3045 I.
725 3013 812 3045 7533
830 3011 931 3045 scudi
950 3011 1061 3054 d'oro,
1080 3012 1175 3053 quod
1195 3016 1231 3047 et
1244 3012 1380 3046 factum
1399 3016 1465 3048 est.

1952 2350 1989 2641 ›AEssu-Aussuumss-mssspu
1980 2230 1989 2318 ..πμ-Λ,
1975 2157 1989 2217 ...212
1974 2110 1989 2146 LA
1986 2094 1989 2099 .
1983 2048 1989 2071 ,-
1983 1988 1989 2008 ‚0
1986 1930 1989 1936 .
1984 1886 1989 1910 ..
1984 1842 1989 1850 ..
1983 1814 1989 1830 .-
1984 1763 1989 1770 .

1971 2881 1989 3025 “jada—m.
1982 2796 1989 2868 ..μμ
1983 2748 1989 2773 ..,
1979 2682 1989 2728 ι,».
