1989 3252
240 192 383 237 Pauli
405 191 458 236 V.
920 214 972 220 —
1002 190 1084 232 242
1113 214 1167 220 —
1697 193 1827 238 1607.

241 280 284 321 in
306 279 346 320 d.
371 280 449 320 civ.
474 290 528 319 ex
549 277 715 318 decreto
737 276 912 318 Hen1·ici
932 276 1082 319 Franc.
1106 277 1227 331 Regis
1247 276 1399 319 Christ.
1420 282 1560 319 erecto
1577 278 1697 319 uniat
1715 279 1828 331 prio-

241 355 379 392 ratum
401 362 473 390 seu
491 347 697 401 capellam
718 347 954 401 regularem
977 348 1018 391 S.
1043 349 1174 391 Blasii
1204 348 1255 390 de
1285 348 1556 404 Bacqueville
1585 349 1634 390 Ο.
1658 349 1700 392 S.
1724 350 1829 391 Ben.

241 422 374 464 dioec.
398 420 700 471 Rothomagen.
725 432 751 459 a
772 432 883 460 mon.
909 419 964 460 de·
982 419 1151 461 Tironio
1173 419 1308 461 eiusd.
1332 420 1430 461 Ord.
1456 424 1499 461 et
1519 419 1654 462 dioec.
1678 420 1832 473 depen—

241 492 462 543 dentem,a
476 490 602 531 Petro
619 490 670 531 de
686 489 895 532 Reivelles
912 490 1114 544 (Reveils)
1130 490 1301 532 subdiac
1331 491 1681 545 Montispesulen.
1702 493 1832 545 resig-

241 564 401 599 natum.
427 556 496 597 Fr.
520 558 575 598 24
595 555 688 597 duc.
712 555 900 597 Accedat
920 569 1148 598 consensus
1178 556 1345 599 abbatis
1375 571 1450 599 seu
1481 571 1598 611 perp.
1624 571 1835 599 commen-

241 631 397 673 datarii
418 629 457 671 d.
483 629 744 670 monasterii.

243 697 283 731 R.
303 709 361 739 ap.
381 696 416 730 S.
438 695 488 731 M.
506 695 554 730 IV
575 695 623 730 id.
644 694 743 737 Sept.
768 697 848 730 1607
868 696 908 730 P.
929 706 989 730 an.
1009 696 1070 731 III.

1111 772 1201 816 Req.
1221 773 1312 807 balb.
1331 772 1395 807 IV.
1416 773 1595 807 65-Fund.
1614 784 1673 814 pr.
1693 773 1831 807 Franc.

324 884 397 927 52.
431 885 504 926 Ad
520 887 663 938 apost.
686 884 943 938 diffiniatis.
968 906 994 912 —
1015 880 1136 923 Paul.
1160 881 1197 923 V
1218 886 1387 936 petente
1418 881 1479 924 Ol.
1513 883 1732 937 Aquaviva
1761 882 1829 925 Pr.

242 953 349 996 Gen.
372 953 414 995 S.
438 953 473 994 Ι.
497 952 664 993 officiali
681 950 956 994 Catalaunen.
976 951 1149 994 mandat
1171 958 1216 993 ut
1236 967 1331 994 cum
1353 953 1447 995 coll.
1469 953 1510 995 S.
1529 953 1563 995 I.
1590 967 1643 995 ex
1664 953 1833 995 decreto

244 1026 417 1068 Henrici
437 1025 468 1066 F
471 1039 586 1066 ranc.
610 1024 735 1077 Regis
765 1024 919 1066 Christ.
943 1025 987 1065 in
1017 1026 1098 1067 civ.
1130 1025 1328 1067 Remensi
1357 1031 1495 1068 erecto
1525 1027 1646 1067 uniat
1674 1028 1834 1080 priora-

243 1104 332 1139 tum
354 1097 400 1138 B.
425 1096 483 1138 M.
511 1096 561 1138 V.
587 1096 636 1137 de
661 1097 840 1150 Vaxeijo
862 1095 909 1138 O.
935 1096 975 1138 S.
1001 1095 1104 1138 Ben.
1129 1096 1406 1139 Catalaunen.
1430 1097 1561 1139 dioec.
1586 1097 1639 1138 ab
1661 1098 1760 1138 Ant.
1785 1097 1834 1139 de

241 1170 284 1211 la
304 1169 425 1221 Haye
446 1169 547 1210 cler.
570 1169 844 1221 resignatum,
868 1182 889 1209 a
914 1173 1093 1210 monast.
1117 1169 1320 1211 Pernensi
1340 1169 1462 1222 vulgo
1494 1169 1544 1211 de
1576 1169 1832 1210 Montirodes

241 1241 374 1283 eiusd.
417 1240 549 1282 dioec.
592 1244 635 1281 et
682 1240 770 1282 ord.
816 1240 1122 1294 dependentem
1143 1256 1151 1293 3
1194 1241 1369 1283 accedat
1398 1255 1591 1283 assensus
1630 1240 1833 1283 Ludovici

239 1313 425 1365 archiep.
450 1311 623 1353 Remen.
648 1310 718 1352 Fr.
742 1313 795 1352 50
817 1311 914 1353 duc.

239 1378 283 1414 R.
304 1391 362 1422 ap.
383 1378 418 1413 S.
439 1378 489 1414 M.
510 1389 564 1421 pr.
584 1377 632 1413 id.
654 1377 752 1420 Sept.
773 1380 858 1413 1607
877 1378 918 1412 P.
940 1389 998 1412 an.
1018 1378 1080 1413 ΠΙ.

763 1466 852 1509 Req.
871 1466 959 1500 buli.
978 1467 1045 1501 IV.
1066 1469 1121 1502 59.
1141 1467 1307 1502 b—Fund.
1323 1478 1432 1511 prov.
1455 1468 1583 1512 Camp.
1603 1474 1627 1502 t.
1647 1471 1678 1503 2.
1700 1469 1830 1504 Rhem.

322 1580 392 1623 53.
430 1583 573 1624 Quam
594 1579 653 1620 sic
675 1591 884 1632 maynus.
909 1601 934 1606 —
964 1576 1085 1618 Paul.
1120 1575 1155 1618 V
1187 1576 1408 1618 Francisco
1440 1577 1593 1619 Suarez
1623 1592 1686 1632 pr.
1721 1577 1762 1620 S.
1796 1577 1831 1619 I.

240 1648 283 1690 S.
304 1648 436 1689 theol.
461 1647 620 1688 doctori
641 1651 682 1688 et
705 1648 747 1687 in
767 1660 908 1700 gymn.
942 1645 1273 1689 Conimbricensi
1303 1648 1543 1702 professori,
1576 1650 1619 1690 in
1648 1649 1836 1703 procella

240 1733 368 1774 quam
384 1718 557 1760 libertas
574 1718 859 1759 ecclesiastica
874 1731 1073 1771 perpessa
1090 1723 1153 1759 est
1169 1723 1336 1760 noctem
1352 1718 1512 1760 lumine
1533 1733 1660 1761 sanae
1681 1719 1835 1761 doctri-

240 1804 319 1832 nae
339 1790 563 1843 dissipanti
584 1794 626 1831 et
645 1789 842 1833 volumen
864 1789 981 1847 (111οᾲι
995 1790 1239 1844 theologum
1262 1791 1465 1832 eximium
1487 1805 1536 1833 ac
1557 1792 1671 1844 pium
1697 1791 1835 1844 expri-

240 1863 318 1903 mit
337 1862 539 1913 mittenti,
560 1860 848 1914 gratissimum
870 1847 1001 1903 fuisse
1021 1861 1102 1902 sibi
1125 1860 1376 1903 beneficium
1397 1867 1440 1903 et
1468 1867 1701 1917 opportune
1722 1862 1836 1916 apud

240 1933 465 1975 ecclesiam
487 1932 568 1973 sibi
589 1933 859 1974 commissam
881 1933 1064 1986 positum
1086 1933 1309 1987 significat.

241 2000 283 2034 R.
304 2011 362 2043 ap.
384 1999 421 2035 S.
441 2000 490 2034 M.
510 1998 543 2034 Il
561 2000 639 2034 Oct.
661 2002 745 2034 1607
767 1999 806 2033 Ρ.
825 2010 883 2033 an.
904 1999 966 2034 ΙΙΙ.

1052 2089 1191 2133 Malozc,
1211 2090 1276 2125 Fr.
1297 2090 1333 2124 S.
1351 2100 1473 2132 opusc.
1493 2098 1562 2124 seoe
1582 2090 1736 2130 inedita,
1757 2092 1832 2126 256.

325 2202 399 2245 54.
434 2206 608 2256 Maywa
641 2215 781 2255 quam
809 2207 856 2244 in
887 2203 997 2244 dies.
1031 2224 1057 2230 -
1085 2199 1206 2242 Paul.
1240 2199 1292 2252 V,
1327 2200 1567 2254 petentibus
1595 2199 1754 2241 Ioanne
1783 2199 1834 2241 de

242 2270 364 2312 Avila
384 2284 431 2312 ae
454 2270 659 2312 Mandoza
678 2270 889 2312 Antoniae
912 2261 1195 2324 coniugestfr.
1217 2270 1346 2312 Clem⁴
1373 2270 1488 2324 VIII,
1508 2273 1592 2324 73),
1611 2270 1671 2312 Ol.
1692 2272 1834 2325 Aqua-

241 2343 336 2384 viva
357 2342 425 2383 Pr.
449 2342 553 2384 Gen.
579 2342 619 2384 S.
645 2341 699 2394 L,
722 2347 884 2383 rectore
906 2342 1002 2383 coll.
1027 2342 1069 2384 S.
1092 2342 1124 2383 I.
1147 2342 1426 2396 Segobiensis,
1444 2341 1608 2383 Joanne
1625 2342 1675 2384 de
1691 2342 1833 2384 Zauri-

241 2413 313 2466 qui
343 2413 536 2466 religioso
567 2412 607 2455 d.
632 2413 744 2466 Soc.,
766 2412 930 2455 Joanne
960 2412 1011 2454 de
1042 2412 1247 2466 Mendoca
1276 2418 1319 2454 et
1348 2412 1469 2453 Ferd.
1494 2412 1544 2454 de
1576 2412 1830 2466 Villafanae,

241 2483 414 2526 mandat
435 2484 603 2526 officiali
620 2484 840 2538 Segobien.
861 2489 907 2526 ut
923 2484 1183 2526 voluntatem
1199 2484 1349 2526 Franc.
1371 2484 1421 2525 de
1438 2484 1613 2537 Monroy
1634 2486 1760 2526 etiam
1781 2484 1832 2527 de

242 2554 375 2597 Solier
395 2561 674 2609 commutans,
698 2557 741 2596 in
761 2557 1056 2598 executionem
1078 2556 1258 2598 ultimae
1279 2556 1510 2597 voluntatis
1532 2556 1571 2598 d.
1605 2557 1831 2609 Antoniae,

242 2631 361 2668 curet
389 2641 482 2669 eam
503 2631 546 2669 et
567 2627 605 2669 d.
629 2627 837 2669 Joannem
859 2627 910 2669 de
935 2628 1056 2669 Avila
1075 2641 1170 2669 cum
1201 2627 1240 2669 d.
1277 2628 1502 2669 Francisco
1532 2628 1575 2668 in
1605 2627 1833 2670 confunda-

241 2703 353 2755 tores
374 2698 471 2741 coll.
496 2698 536 2740 S.
560 2698 594 2740 I.
619 2699 766 2752 recipi,
790 2712 935 2740 eorum
965 2699 1171 2741 cadavera
1199 2700 1242 2740 in
1267 2698 1429 2753 capella
1457 2700 1608 2741 maiori
1637 2699 1709 2741 sed
1739 2699 1832 2741 loco

242 2769 440 2811 inferiore
461 2783 511 2811 ac
529 2769 692 2811 tumulo
714 2774 906 2824 separato
927 2770 1156 2823 inhumari,
1179 2770 1360 2823 insignia
1381 2774 1424 2811 et
1443 2783 1562 2812 arma
1582 2770 1626 2812 in
1651 2770 1832 2813 ecclesia

244 2840 407 2894 collegii
426 2841 535 2895 affigi
558 2845 638 2883 etc.

244 2907 289 2942 R.
308 2918 365 2951 ap.
386 2907 422 2943 S.
443 2907 484 2943 P.
504 2909 554 2944 111
570 2908 645 2943 kal.
664 2908 749 2943 Dec.
771 2911 857 2945 1607
874 2909 914 2944 P.
934 2919 993 2944 an.
1012 2908 1073 2945 ΠΙ.

1420 2952 1505 2996 Rey.
1526 2953 1617 2987 buli.
1635 2953 1704 2987 IV.
1723 2954 1778 2988 81.
1798 2953 1831 2986 b.
