1989 3252
109 207 251 251 Clem.
275 205 414 249 XIII.
775 233 826 238 --
855 209 936 248 499
973 233 1017 238 —
1557 208 1688 252 1767.

107 292 210 333 Ben.
233 290 331 332 XIV
352 293 498 345 (supra
518 307 559 334 n.
583 295 671 346 33.)
702 295 742 335 in
764 294 895 335 lndiis
915 307 1132 336 concessas
1162 293 1214 334 ad
1245 295 1296 334 20
1328 306 1458 334 annos
1489 299 1681 335 renovat.

105 359 150 393 R.
168 369 226 400 ap.
248 357 283 391 S.
305 358 352 390 M.
372 358 421 392 M.
440 358 474 392 X
493 358 590 402 Sept.
612 362 695 395 1766
715 361 754 394 Ρ.
775 371 833 394 an.
853 361 917 395 IX.

108 465 208 498 Bucz.
228 466 332 500 Rom.
350 484 392 489 —
413 466 512 499 Bucl.
530 465 576 498 de
588 475 744 507 propay.
763 465 838 507 fide
854 465 919 503 IV,
941 467 1014 500 125.

189 576 259 619 83.
293 573 516 614 Decretum
538 571 622 613 ind.
647 571 815 624 plen....
835 572 899 613 Ex
915 572 1013 613 aud.
1032 572 1162 614 SSmi.
1183 573 1246 614 Ad
1265 574 1523 615 humillimas
1540 588 1684 628 preces

107 643 234 685 Laur.
266 644 382 685 Ricci
416 643 565 697 Praep.
588 643 692 685 Gen.
729 641 769 684 S.
802 642 835 684 I.
862 643 930 685 SS.
955 643 1004 685 D.
1028 642 1080 684 N.
1117 643 1247 686 Clem.
1272 644 1353 686 ΡΡ.
1392 644 1495 685 XIII
1531 645 1684 687 Christi

109 715 304 756 fidelibus
325 715 396 769 qui
417 714 559 756 decem
581 714 800 755 dominicis
822 714 967 755 diebus
988 720 1084 757 ante
1105 716 1256 757 festum
1280 716 1320 758 S.
1345 715 1498 768 Ignatii
1519 717 1688 759 Loiolae

109 787 195 827 sive
216 787 322 827 alias
343 800 416 840 per
436 799 644 827 annum...
667 786 1022 827 sanctificaverint
1043 791 1084 827 et
1118 787 1302 840 aliquam
1339 788 1561 829 ecclesiam
1583 788 1626 830 S.
1651 789 1685 831 Ι.

108 858 386 909 visitaverint,
409 858 451 897 111
472 856 662 910 qualibet
684 870 736 898 ex
766 857 906 910 praed.
934 857 1151 898 dominicis
1172 859 1284 910 plen.
1312 859 1394 898 11111,
1421 861 1640 902 concessit.
1664 885 1689 890 —

110 928 160 969 N.
185 926 308 969 Card.
333 927 596 979 Antonellus,
619 927 660 969 S.
686 927 835 980 Borgia
859 942 965 969 secr.

110 994 151 1028 R.
171 1005 213 1027 ex
229 1005 321 1028 secr.
342 993 378 1028 S.
399 994 437 1028 C.
457 993 751 1035 in‹1nlg.27lan.
779 996 868 1029 1767.

110 1103 168 1136 Eoe
183 1109 256 1146 typ.
277 1114 370 1136 cam.
390 1114 450 1146 ap.
1545 1105 1689 1137 Bullae.

190 1223 262 1264 84.
300 1227 357 1263 De
374 1223 525 1276 puella
548 1228 648 1263 isca.
688 1245 712 1249 -
747 1218 877 1261 Clem.
922 1220 1023 1262 XIII
1064 1222 1241 1275 Iosepho
1278 1222 1537 1275 Sammating
1571 1222 1611 1265 S.
1650 1222 1686 1264 I.

108 1291 263 1344 presb.‚
289 1291 428 1343 Magni
451 1290 643 1331 Etruriae
678 1291 805 1331 Ducis
839 1291 1092 1332 confessario
1114 1292 1322 1344 significat
1344 1307 1369 1334 a
1389 1308 1433 1334 se
1455 1294 1508 1334 ad
1529 1294 1687 1335 Princi-

107 1375 218 1414 pem,
241 1360 293 1402 ad
327 1360 548 1412 Nuntium,
585 1360 637 1402 ad
673 1361 891 1413 archiepos
928 1361 1212 1403 Florentinum
1249 1369 1291 1403 et
1330 1364 1529 1404 Pisanum
1566 1369 1608 1405 et
1635 1364 1688 1405 ad

108 1432 245 1485 ipsum
266 1431 491 1484 Iosephum
513 1432 640 1472 fuisse
661 1433 859 1485 scriptum
892 1432 941 1473 de
963 1433 1106 1485 puella
1136 1433 1286 1474 iudaea
1308 1436 1347 1474 in
1371 1436 1481 1475 vitae
1502 1435 1688 1487 periculo

108 1502 320 1556 baptizata
335 1508 376 1544 et
392 1504 506 1543 iussu
525 1503 652 1544 Ducis
668 1504 777 1557 patri
795 1503 956 1544 reddita
972 1520 979 1555 3
995 1510 1085 1557 post
1103 1505 1281 1545 similem
1300 1519 1443 1546 casum
1460 1507 1502 1546 in
1518 1507 1689 1547 civitate

111 1574 319 1626 Regiensi‚
342 1575 384 1614 in
420 1587 502 1627 quo
524 1574 604 1614 iuri
626 1574 837 1616 Ecclesiae
859 1589 882 1616 a
907 1575 1019 1616 Duce
1042 1575 1272 1616 Mutinensi
1304 1578 1405 1617 satis
1435 1577 1591 1617 factum
1610 1581 1687 1629 est,

110 1649 157 1685 ut
177 1644 375 1698 Princeps
398 1645 478 1685 sibi
500 1645 752 1697 persuadeat
772 1660 888 1686 suam
911 1648 1096 1687 animam
1114 1647 1164 1687 de
1182 1653 1264 1689 aot.
1286 1648 1420 1688 salute
1440 1648 1685 1700 periclitari,

109 1729 134 1756 a
154 1715 406 1757 confessario
428 1722 637 1769 expectat.

108 1782 152 1815 R.
171 1793 228 1824 ap.
249 1781 285 1816 S.
309 1782 356 1816 M.
376 1782 424 1816 M.
444 1782 528 1816 XIV
547 1786 631 1825 ΑΜ.
655 1785 748 1817 1767.
771 1784 810 1816 Ρ.
832 1794 890 1817 an.
911 1784 974 1818 IX.

108 1891 206 1925 Bulz.
231 1892 334 1926 Rom.
353 1910 395 1915 —
414 1891 513 1925 Bulc.
534 1894 649 1935 depr.
669 1892 754 1935 fide.
775 1893 840 1933 IV,
865 1895 934 1927 144.

188 2013 257 2055 85.
294 2014 578 2054 Gravissz'nzo
612 2018 651 2054 et
687 2015 822 2068 plane
868 2018 1116 2068 inopinato.
1161 2038 1186 2042 -
1226 2012 1358 2054 Clem.
1402 2013 1503 2054 XIII
1540 2013 1687 2054 Ioanni

104 2081 315 2134 archiepo'
336 2080 616 2123 Tarraconen.
641 2082 848 2136 significat
882 2097 925 2124 se
959 2084 1197 2137 perculsum
1220 2086 1366 2125 nuntio
1390 2084 1530 2137 pulsos
1552 2099 1640 2125 esse
1662 2098 1687 2125 a

106 2151 253 2193 Carolo
288 2152 407 2205 Hisp.
442 2167 535 2206 rege
571 2154 725 2194 cathol.
750 2154 792 2195 S.
822 2154 856 2195 I.
896 2155 1068 2196 clericos
1104 2155 1328 2211 regulares,
1368 2155 1563 2196 admirari
1602 2161 1685 2196 tam

106 2223 286 2264 subitam
321 2237 480 2274 eorum,
516 2238 618 2277 quos
656 2225 823 2278 plurimi
862 2225 980 2278 Hisp.
1005 2230 1178 2278 eporum
1216 2226 1292 2266 sibi
1324 2226 1685 2276 commendarunt,

108 2295 396 2346 mutationem,
422 2295 456 2335 si
492 2296 561 2348 qui
594 2296 702 2336 inter
725 2311 795 2337 eos
825 2297 1060 2350 Principem
1091 2298 1273 2349 graviter
1304 2297 1485 2348 laeserit,
1520 2312 1598 2337 11011
1630 2297 1690 2337 111-

109 2366 217 2406 circo
252 2366 292 2405 in
329 2379 472 2407 omnes
507 2367 942 2421 animadvertendum,
966 2382 1008 2408 se
1039 2373 1232 2421 paratum
1266 2382 1356 2408 osse
1387 2368 1440 2408 ad
1475 2382 1524 2408 oa
1559 2369 1687 2408 corri-

108 2434 241 2488 genda
261 2449 367 2489 quae
398 2449 471 2476 rex
492 2436 533 2475 in
564 2434 603 2476 S.
628 2434 663 2475 I.
689 2436 905 2488 irrepsisse
941 2436 1279 2488 deprehenderit,
1314 2438 1393 2477 huc
1426 2439 1686 2490 potissimum

109 2505 384 2558 spectandum
419 2519 471 2547 ne
506 2507 539 2546 si
576 2505 617 2547 S.
651 2505 668 2545 I
718 2507 759 2545 in
793 2504 912 2558 Hisp.
943 2508 1126 2547 intereat
1161 2508 1306 2560 religio
1341 2508 1453 2561 apud
1493 2509 1689 2549 barbaras

111 2577 300 2618 nationes
320 2581 481 2630 pereat.

108 2642 152 2676 R.
172 2654 230 2685 ap.
252 2643 287 2676 S.
311 2644 358 2676 Μ.
381 2645 426 2676 Μ.
447 2643 535 2677 XXI
555 2645 639 2685 Apr.
665 2645 746 2677 1767
765 2643 805 2676 Ρ.
827 2654 884 2676 nn.
906 2643 968 2677 IX.

110 2752 208 2785 Bull.
229 2753 336 2787 Rom.

196 2862 267 2904 86.
300 2866 623 2916 Improm'szmz.
646 2885 672 2890 -
701 2859 833 2902 Clem.
858 2859 962 2900 XIII
994 2860 1187 2901 Ioachico
1209 2860 1260 2901 de
1290 2861 1417 2901 Osma
1446 2860 1494 2901 O.
1521 2860 1624 2901 Min.
1648 2859 1690 2901 S.

112 2929 181 2971 Fr.
206 2931 459 2971 confessario
479 2930 603 2983 Regis
623 2930 818 2972 catholici
839 2930 1106 2972 commendat
1134 2936 1182 2972 ut
1211 2932 1368 2983 optimo
1398 2931 1602 2984 Principi,
1625 2931 1692 2971 cui

113 3013 157 3042 Se
177 3001 220 3042 in
241 3001 310 3042 via
330 3000 497 3043 Domini
518 3000 667 3042 ducem
687 3001 877 3054 praebet,
902 3002 952 3042 116
972 3002 1242 3054 inexpectata
1262 3001 1505 3043 calamitate
1525 3001 1567 3043 S.
1591 3001 1627 3044 I.
1651 3006 1694 3043 et

1590 3081 1631 3112 32
