1989 3189
122 208 263 252 Pauli
282 208 336 252 V.
787 230 840 235 —
870 206 949 246 239
979 231 1033 236 —
1563 211 1693 256 1607.

203 295 275 339 39.
305 299 359 336 ln
386 307 600 348 supremo
627 297 770 347 apost.
806 295 1062 347 ιίῑρνιῑίαίῑε.
1083 317 1108 323 -
1129 293 1244 334 Paul.
1268 292 1305 334 V
1325 293 1564 347 petentibus
1598 296 1695 338 nob.

122 364 209 405 viro
230 363 346 404 Iusto
367 362 578 404 Ludovico
595 376 620 403 a
636 361 830 403 Turnone
847 363 998 403 comite
1015 363 1264 406 Rossilionei
1282 369 1323 406 et
1344 365 1511 407 domino
1532 366 1575 406 in
1594 370 1699 409 tem·

122 433 252 488 poral.
278 447 373 486 opp.
399 433 599 473 Turnonii
620 431 884 475 Valentinen.
911 432 1043 474 dioec.
1076 438 1118 474 et
1147 433 1210 476 Cl.
1243 435 1462 488 Aquaviva
1485 436 1550 478 Pr.
1575 437 1628 479 G.
1653 439 1695 480 S.

122 503 155 545 I.
180 517 275 545 cum
294 503 511 544 academia
531 507 573 544 et
602 504 874 544 universitate
904 504 1012 545 stud.
1047 518 1185 556 gener.
1211 518 1236 546 a
1261 505 1482 548 Francisco
1505 507 1545 547 S.
1571 507 1621 549 R.
1646 508 1695 550 E.

120 573 404 616 Cardinalium
421 573 578 615 decano
596 578 635 615 et
651 573 883 615 Galliarum
905 575 1083 627 primate
1104 575 1202 616 olim
1219 575 1395 616 fundata
1412 581 1453 617 et
1475 576 1512 617 Si
1528 577 1560 617 Ι,
1588 591 1699 619 com-

120 646 249 687 missa
282 646 375 686 unit
407 646 640 697 prioratum
676 646 718 686 S.
743 644 971 686 Salvatoris
1007 646 1049 686 in
1086 645 1179 687 Rua
1207 646 1241 686 O
1295 646 1337 687 S.
1360 646 1463 688 Ben.
1490 647 1696 690 Viennen.

121 716 254 757 dioec.
286 716 522 769 provinciae
552 714 831 768 Delphinatus
862 715 914 756 ab
946 716 1043 757 Ant.
1068 716 1210 757 Portal
1230 730 1294 770 pr.
1320 715 1546 759 Viennensi
1566 718 1698 761 libere

121 800 297 828 cessum.
322 785 536 828 Prioratus
566 786 866 836 conventualis,
900 800 979 827 non
1009 792 1151 828 tamen
1179 787 1379 829 electivus
1399 801 1424 829 a
1446 794 1625 831 monast.
1651 791 1694 833 S.

120 857 291 898 Roberti
313 855 444 898 Casae
460 856 536 898 Dei
554 857 687 898 eiusd.
707 856 1267 900 Ord.Clara1nonten.dioec.
1281 858 1501 912 dependet.
1517 860 1698 902 Accedat

120 941 313 969 assensus
333 927 426 969 Nic.
451 927 502 969 de
531 927 742 969 Neufville
773 927 868 968 abb.
904 941 976 969 seu
1006 928 1366 971 commendatarii.
1400 929 1468 971 Fr.
1494 932 1572 971 500
1599 930 1695 972 duc.

119 999 273 1040 Rector
293 1000 372 1039 300
393 998 523 1040 libras
546 1000 642 1052 (100
665 1013 722 1047 sc.
741 1004 853 1052 aur.)
877 999 1084 1052 persolvat
1105 1001 1324 1041 annuatim
1354 999 1515 1042 duobus
1545 1002 1698 1054 magis-

117 1071 193 1112 tris
215 1071 257 1110 in
288 1083 382 1123 opp.
420 1070 460 1112 S.
495 1070 723 1112 Salvatoris
757 1072 801 1111 in
834 1076 1082 1124 perpetuum
1117 1071 1397 1112 conducendis
1440 1072 1511 1125 qui
1545 1085 1698 1124 pueros

117 1146 337 1195 grammat.
362 1142 524 1183 litteras
559 1147 600 1183 et
634 1142 733 1183 fidei
767 1142 1003 1183 rudimenta
1038 1143 1229 1194 doceant,
1268 1145 1292 1184 3
1315 1147 1387 1184 aut
1421 1145 1448 1184 4
1484 1144 1697 1184 monachis

118 1214 327 1267 prioratus
361 1213 560 1255 alimenta
594 1218 636 1255 et
663 1214 817 1255 vicario
852 1220 1054 1267 perpetuo
1089 1215 1331 1268 pensionem
1361 1228 1458 1256 ann.
1487 1217 1563 1256 100
1597 1215 1692 1258 duc.

119 1289 316 1338 praestet.

118 1350 161 1384 R.
180 1361 240 1393 ap.
260 1349 297 1384 S.
317 1350 358 1383 P.
379 1350 465 1385 XIII
482 1350 556 1384 kal.
577 1350 664 1384 Mai.
689 1352 770 1386 1607
788 1351 829 1384 P.
849 1362 908 1384 an.
927 1351 970 1386 Π.

1292 1439 1379 1482 Rey.
1400 1438 1486 1472 bull.
1506 1438 1572 1474 IV.
1591 1437 1696 1473 66bis‚

199 1549 276 1592 40.
316 1552 438 1590 Vitae
466 1524 727 1590 aemorum
757 1550 980 1590 lzoneslas.
995 1572 1020 1576 —
1042 1546 1199 1589 Paul.V
1221 1546 1259 1587 N
1263 1547 1396 1588 icolao
1414 1547 1464 1588 de
1485 1545 1698 1589 Neufville

117 1616 261 1658 abbati
281 1617 525 1658 monasterii
548 1617 574 1658 S
614 1616 786 1659 Roberti
807 1615 937 1658 Casae
960 1617 1035 1659 Dei
1057 1631 1184 1671 super
1204 1618 1243 1659 d.
1264 1619 1451 1670 prioratu
1475 1631 1573 1659 ann.
1597 1631 1697 1671 pen-

119 1688 276 1729 sionem
298 1689 376 1729 300
398 1687 493 1729 libr.
518 1692 717 1729 reservat.

118 1753 160 1788 R.
179 1764 236 1797 ap.
257 1753 292 1788 S.
312 1753 353 1788 P.
373 1753 460 1789 XHI
478 1753 550 1788 kal.
570 1754 655 1788 Mai.
682 1756 760 1788 1607
780 1754 962 1789 P.an.11.

1477 1860 1572 1896 Ibid.
1589 1864 1643 1896 68.
1663 1861 1699 1896 b.

199 1970 269 2013 41.
301 1974 473 2023 Mayna
502 1983 640 2023 quam
674 1972 722 2011 in
756 1970 864 2012 dies.
885 1992 910 1998 -
934 1967 1048 2010 Paul.
1068 1967 1102 2008 V
1124 1972 1292 2022 petente
1327 1969 1505 2010 Hem·ico
1542 1968 1691 2010 Franc.

116 2051 213 2091 rege
243 2038 330 2079 chr.
366 2037 538 2079 mandat
567 2037 735 2079 officiali
768 2038 983 2080 Pictaven.
1014 2044 1061 2080 ut
1091 2052 1187 2080 cum
1218 2038 1312 2080 coll.
1350 2039 1394 2080 S.
1430 2038 1467 2081 I.
1499 2040 1543 2080 in
1576 2040 1692 2081 civit.

120 2109 353 2151 Pictavensi
372 2123 447 2162 pro
468 2109 680 2169 religionis
701 2124 750 2151 ac
772 2110 1003 2152 devotionis
1025 2112 1280 2153 incremento
1302 2115 1344 2152 et
1360 2110 1545 2152 haeresis
1561 2110 1697 2152 eradi-

118 2181 280 2222 catione
319 2181 419 2233 erigi
460 2185 604 2234 coepto
647 2181 764 2221 uniat
803 2181 1033 2234 prioratum
1071 2182 1114 2223 S.
1157 2181 1328 2223 Martini
1374 2181 1425 2223 de
1466 2182 1698 2235 Legugiaco

119 2251 167 2293 O.
193 2253 234 2293 S.
255 2253 359 2294 Ben.
380 2253 591 2293 Pictaven.
611 2251 742 2293 dioec.
766 2265 791 2293 a
811 2252 1027 2305 Graspardo
1048 2252 1225 2294 Lefranc
1245 2253 1345 2294 cler.
1364 2252 1495 2294 libere
1516 2266 1697 2295 cessum.

117 2322 187 2365 Fr.
206 2325 285 2365 250
302 2322 397 2364 duc.
416 2322 600 2364 Accedat
620 2336 814 2364 assensus
837 2323 1006 2364 Henrici
1026 2323 1224 2377 Episcopi
1245 2323 1476 2365 Maleacen.
1502 2323 1556 2365 ad
1575 2337 1701 2378 quem

118 2394 286 2436 collatio
316 2395 518 2447 pertinet3
551 2393 654 2435 duos
684 2394 864 2435 scolares
899 2394 1135 2436 saeculares
1169 2395 1255 2436 sive
1285 2394 1498 2448 regulares
1527 2394 1580 2436 ab
1608 2395 1699 2448 Epo

120 2464 394 2518 designandos
411 2472 700 2517 manutenere,
725 2470 797 2506 aut
816 2466 1060 2518 pensionem
1077 2471 1244 2507 centum
1259 2466 1463 2507 librarum
1484 2465 1698 2507 Turonen-

119 2536 228 2578 sium
248 2538 345 2590 (303
367 2550 423 2577 sc.
448 2538 560 2588 aur.)
583 2536 901 2578 subministrare
921 2542 1088 2578 tenetur
1108 2537 1347 2590 collegium.

119 2603 164 2637 R.
181 2612 240 2645 ap.
259 2602 294 2636 S.
316 2602 363 2636 M.
383 2602 432 2636 IV
449 2612 534 2636 non.
555 2602 643 2635 Maii
663 2604 747 2637 1607
765 2602 806 2636 P.
827 2614 884 2636 an.
905 2603 950 2637 ΙΙ.

1282 2700 1371 2747 Ray.
1390 2701 1480 2737 bun.
1494 2700 1569 2737 JV.
1586 2703 1641 2738 55.
1660 2702 1696 2738 b.

202 2810 276 2859 42.
312 2812 439 2857 Vitae
457 2825 510 2857 ae
529 2824 726 2857 morum.
750 2837 776 2844 -
802 2810 922 2856 Paul.
958 2811 992 2855 V
1021 2813 1233 2867 Gaspardo
1266 2812 1562 2866 Bafflargeaux
1596 2811 1696 2854 cler.

121 2880 334 2927 Pictaven.
366 2888 551 2927 reservat
584 2884 827 2938 pensionem
862 2898 960 2928 ann.
991 2886 1072 2928 200
1106 2884 1202 2926 libr.
1236 2883 1543 2927 Turonensium
1574 2894 1702 2936 super
