1989 3252
268 187 409 232 Pauli
429 188 482 232 V.
938 216 992 221 —-
1021 189 1101 230 266
1135 217 1187 222 —
1722 191 1850 236 1614.

271 272 322 315 do
343 272 552 326 Archiepo
573 271 788 315 Colonien.
815 278 856 316 et
876 275 1046 317 maioris
1066 276 1167 318 eccl.
1191 275 1472 319 Hildesemen.
1496 282 1698 330 perpetuo
1718 276 1851 319 admi-

272 345 511 397 nistratore,
535 344 712 398 collegio
734 345 775 387 S.
799 345 833 387 1.
858 347 901 387 in
922 346 962 388 d.
986 348 1082 400 civ,
1106 349 1174 389 cui
1194 348 1398 390 Ernestus
1416 348 1543 390 Arch.
1569 348 1784 391 Colonien.
1810 353 1850 390 et

269 416 310 458 d.
334 416 536 458 ecclesiae
558 416 876 460 administrator
906 419 987 473 (cfr
1013 423 1142 465 clem.
1175 426 1292 473 VIII,
1314 434 1357 462 n.
1393 422 1488 474 111)
1515 421 1850 474 praeposituram

269 488 310 530 S.
357 488 543 529 Mauritii
591 488 804 531 ordinaria
847 494 1007 533 auctor.
1050 492 1186 533 univit
1215 497 1258 533 et
1286 491 1462 533 subinde
1493 506 1623 533 unum
1651 492 1852 533 vicariam

270 559 312 603 S.
335 560 483 602 Annae
505 561 549 601 in
569 560 767 602 viridario
788 575 913 604 nunc.
936 563 979 603 in
1008 564 1158 605 maiori
1187 562 1471 605 Hildesemen.
1497 569 1539 606 et
1568 564 1748 605 alterum
1776 561 1854 605 sub

269 632 310 674 S.
348 631 553 674 Bernardi
586 633 721 674 invoc.
758 633 800 674 in
835 633 877 676 S.
917 634 1062 677 Crucis
1101 634 1386 677 Hildesemen.
1427 635 1615 677 ecclesiis
1650 640 1856 690 perpetua

266 704 407 757 simpl.
444 702 651 746 beneficia
679 706 898 758 annexuit,
930 720 978 748 ac
1008 707 1279 748 medietatem
1309 707 1522 749 fructuum
1552 707 1746 748 beneficii
1776 706 1853 748 sub

268 777 404 817 invoc.
430 789 502 817 seu
524 776 577 817 ad
597 776 731 818 altare
752 777 821 819 SS.
846 777 960 819 Petri
983 783 1026 819 et
1044 777 1166 819 Pauli
1192 780 1235 820 in
1265 779 1368 820 eccl.
1404 780 1557 820 montis
1586 777 1626 820 S.
1661 778 1852 820 Mauritii

269 852 311 890 et
330 850 356 890 2
377 847 637 901 praebendas
654 849 697 889 in
714 848 755 891 S.
776 849 970 891 Andreae
987 855 1029 891 et
1045 848 1084 892 S.
1106 850 1274 892 Ioannis
1292 851 1580 892 saecularibus
1597 854 1638 892 et
1658 851 1853 904 collegia-

267 920 322 961 tis
343 920 545 971 ecclesiis,
567 920 643 962 hos
664 920 824 962 fructus
845 924 858 969 (
862 924 942 963 595
964 921 1080 974 duc.)
1103 927 1261 963 auctor.
1289 927 1422 977 apost.
1448 923 1703 977 appropriat.

275 987 317 1022 R.
336 998 394 1030 ap.
416 986 452 1021 S.
476 987 514 1022 Ρ.
532 987 583 1023 ΠΙ
603 986 676 1021 kal.
699 987 807 1023 Mart.
828 991 912 1024 1613
929 988 970 1023 Ρ.
991 1000 1050 1023 611.
1068 989 1133 1024 IX.

1414 1100 1503 1142 Req.
1522 1098 1612 1134 bull.
1630 1098 1699 1134 IV.
1718 1101 1793 1134 219.
1813 1099 1849 1134 b.

352 1225 453 1269 144.
489 1229 604 1267 Dum
626 1225 783 1268 uberes
803 1239 915 1280 quos
951 1249 976 1255 -—
992 1223 1112 1266 Paul.
1134 1223 1185 1277 V,
1204 1228 1373 1278 petente
1390 1222 1451 1266 Cl.
1472 1224 1688 1278 Aquaviva
1704 1224 1852 1279 Praep.

270 1294 377 1337 Gen.
416 1294 457 1337 S.
498 1293 532 1336 I.
571 1295 745 1336 mandat
783 1295 950 1337 officiali
1000 1295 1294 1349 Burdegallen.
1333 1300 1540 1350 quatenus
1594 1310 1689 1338 cum
1733 1297 1855 1338 domo

271 1367 530 1421 probationis
552 1367 846 1420 Burdegallen.
869 1369 989 1409 uniat
1009 1369 1240 1421 prioratum
1271 1367 1313 1410 S.
1338 1367 1556 1409 Michaelis
1586 1367 1637 1409 de
1666 1367 1856 1410 Verteuil

271 1452 325 1480 ex
344 1438 598 1480 Fransadois
619 1439 708 1481 ord.
733 1439 773 1481 S.
799 1439 901 1481 Ben.
926 1440 1059 1481 dioec.
1084 1439 1377 1493 Burdegallen.
1403 1453 1428 1480 a
1448 1440 1699 1481 monasterio
1726 1439 1774 1481 B.
1798 1439 1856 1480 M.

275 1510 326 1552 de
347 1510 514 1552 Guitres
535 1510 603 1552 dd.
629 1510 719 1552 ord.
742 1515 783 1552 et
803 1511 935 1553 dioec.
961 1511 1419 1565 dependentem,quem
1436 1511 1663 1563 Dionysius
1679 1511 1862 1553 Hurault

275 1596 346 1624 seu
370 1582 553 1635 Huraut,
577 1587 620 1624 et
648 1583 879 1637 prioratum
901 1583 940 1626 S.
975 1583 1031 1624 M.
1058 1583 1109 1625 de
1138 1583 1320 1625 Bonihet
1349 1583 1453 1624 alias
1483 1583 1613 1625 Dizon
1642 1597 1715 1624 seu
1746 1582 1862 1635 Usoy

273 1658 559 1707 nuncupatae,
581 1668 607 1696 a
636 1655 892 1697 monasterio
913 1655 954 1697 S.
985 1655 1155 1697 Ioannis
1185 1654 1237 1696 de
1265 1654 1437 1708 Angelis
1467 1654 1600 1696 eiusd.
1635 1653 1791 1696 ordinis
1820 1658 1864 1696 et

276 1726 409 1768 dioec.
433 1725 672 1768 Xantonen.
699 1726 1021 1781 dependentem,
1045 1741 1168 1782 quem
1190 1727 1276 1768 Iac.
1300 1726 1351 1768 de
1382 1727 1570 1780 Gorgues
1600 1726 1863 1768 consiliarius

278 1803 321 1840 et
341 1797 696 1850 eleemosynarius
725 1798 865 1850 regius
895 1797 937 1837 in
967 1797 1259 1840 commendam
1279 1798 1491 1840 habebant
1513 1803 1555 1840 et
1582 1799 1860 1852 resignarunt.

278 1869 409 1911 Valor
429 1869 498 1912 dd.
522 1871 770 1924 prioratum,
793 1872 847 1912 24
868 1868 960 1910 duc.
986 1870 1092 1911 auri.

284 1938 327 1971 R.
348 1948 404 1980 ap.
427 1936 463 1972 S.
482 1937 532 1972 M.
554 1937 601 1970 M.
623 1936 728 1972 XVII
744 1936 821 1978 (sic)
838 1936 886 1969 id.
907 1937 994 1980 Apr.
1016 1938 1097 1971 1614
1118 1936 1157 1970 P.
1177 1948 1235 1970 an.
1255 1936 1319 1972 IX.

1479 2046 1565 2089 Rey.
1586 2045 1675 2080 buu.
1696 2046 1761 2079 IV.
1782 2049 1857 2082 228.

361 2176 462 2220 145.
500 2181 607 2218 Cum
627 2179 742 2218 sseut
763 2170 1032 2230 accepimus.
1057 2198 1083 2204 -
1103 2172 1221 2215 Paul.
1242 2171 1279 2214 V
1299 2173 1342 2213 in
1362 2172 1578 2214 Indiarum
1601 2172 1867 2227 aliarumque

280 2246 430 2287 orient.
455 2249 498 2286 et
527 2244 849 2286 occidentalium
879 2245 1094 2298 regionum
1125 2245 1314 2298 partibus
1345 2244 1507 2298 aliquid
1535 2244 1586 2285 de
1617 2245 1708 2285 iure
1738 2258 1863 2286 cano-

278 2318 372 2359 nico
394 2318 627 2369 remittens,
650 2330 725 2371 per
745 2316 894 2369 Praep.
918 2316 1164 2358 Generalem
1188 2315 1404 2357 mittendis
1425 2316 1682 2370 presbyteris
1705 2315 1745 2358 S.
1765 2315 1799 2357 I.
1824 2316 1867 2357 in

277 2389 494 2444 quibusvis
515 2388 714 2439 Orientis,
733 2387 954 2440 Brasssiae,
977 2387 1103 2440 Peru,
1122 2387 1266 2429 Novae
1297 2387 1528 2441 Hispaniae
1549 2391 1591 2428 et
1612 2387 1706 2428 aliis
1727 2392 1862 2429 trans-

277 2461 451 2502 marinis
472 2459 712 2513 regionibus
733 2460 965 2514 insulisque
998 2459 1153 2501 Oceani
1175 2459 1305 2500 Maris
1335 2473 1384 2500 ac
1414 2458 1744 2501 occidentalibus
1774 2472 1866 2513 par-

280 2532 394 2574 tibus
425 2531 618 2573 concedit
645 2531 727 2573 fac.
761 2531 1029 2585 dispensandi
1065 2545 1160 2572 cum
1197 2531 1421 2584 neophytis
1456 2531 1500 2571 in
1534 2530 1869 2585 quibuscumque

282 2605 372 2645 iure
402 2602 542 2645 divino
572 2617 654 2644 non
685 2603 906 2657 prohibitis
937 2603 1311 2657 consanguinitatis
1342 2602 1404 2644 vel
1437 2602 1653 2645 affinitatis
1671 2601 1869 2655 gradibus

282 2675 348 2718 vel
370 2675 476 2717 alias
496 2676 732 2717 coniunctis
753 2689 827 2717 seu
848 2675 1140 2728 attinentibus,
1159 2680 1206 2716 ut
1226 2675 1542 2716 matrimonium
1564 2674 1811 2715 contrahere
1828 2678 1870 2715 et

288 2746 562 2789 solemnizare
577 2746 760 2798 valeant,
779 2747 821 2787 in
838 2745 1026 2800 partibus
1043 2745 1116 2787 ubi
1132 2737 1344 2787 Ordinarii
1360 2745 1410 2786 de
1426 2744 1540 2786 facili
1556 2744 1663 2786 adiri
1679 2747 1868 2797 possunt,

288 2820 331 2860 in
365 2818 454 2859 foro
489 2831 627 2859 consc.
664 2822 846 2869 tantum,
885 2822 1087 2871 perpetuo
1109 2833 1117 2869 ;
1141 2821 1183 2858 et
1216 2817 1388 2870 insuper
1422 2816 1474 2857 ad
1509 2818 1561 2858 20
1593 2829 1737 2868 annos,
1769 2815 1872 2869 ipsis

289 2891 522 2933 Ordinariis
553 2904 648 2931 cum
680 2891 763 2931 illis
794 2891 923 2932 etiam
955 2891 998 2931 in
1028 2890 1226 2931 exteriori
1256 2890 1344 2931 foro
1366 2905 1374 2942 ;
1398 2889 1470 2930 ubi
1499 2903 1596 2930 vero
1627 2888 1871 2930 Ordinarius

289 2964 370 3004 200
402 2976 458 3003 m.
483 2976 594 3015 pass.
619 2961 750 3011 abest,
772 2961 929 3003 eisdem
961 2961 1217 3014 presbyteris
1247 2961 1290 3001 in
1311 2965 1490 3015 utroque
1511 2960 1601 3002 foro
1622 2976 1630 3012 ;
1653 2960 1753 3000 item
1773 2972 1871 3000 neo-

292 3034 446 3088 phytas
484 3034 537 3076 ab
578 3034 741 3075 incestu
781 3038 825 3075 et
863 3033 1105 3076 excessibus
1144 3032 1386 3075 huiusmodi
1420 3031 1676 3085 absolvendi,
1712 3044 1872 3073 necnon
