1989 3252
235 179 379 223 Pauli
398 179 452 223 V.
914 203 964 209 —
996 180 1078 221 254
1105 204 1160 210 —
1689 182 1819 226 1610.

239 265 374 319 regul.
406 264 631 318 deputatos
661 265 869 319 delegato,
893 265 943 308 de
972 266 1133 308 fabrica
1162 266 1264 308 eccl.
1288 267 1327 308 d.
1351 267 1446 309 coll.
1473 267 1537 309 Sc.
1570 280 1666 321 pars
1695 281 1822 322 quam

239 337 463 378 facciatam
499 341 651 377 vocant
683 337 826 390 platea
858 340 935 379 150
970 338 1205 392 palmorum
1227 352 1252 379 a
1273 338 1465 379 domibus
1495 352 1602 392 quae
1622 338 1824 380 Antonini

239 406 291 448 de
314 407 494 448 Venetia
513 406 685 448 fuerunt
700 407 911 449 dividatur
935 424 944 460 ;
967 409 1166 462 priorissa
1185 410 1264 451 200
1286 409 1458 451 ducatos
1479 409 1652 463 collegio
1673 409 1822 451 solvat.

239 503 289 508 —
312 478 521 531 Archiepo
543 476 758 520 Cusentin.
789 478 881 533 Epo
905 480 1173 533 Bisignanen.
1197 487 1239 522 et
1258 494 1344 523 cur.
1369 494 1482 523 caus.
1506 494 1613 522 cam.
1638 494 1707 534 ap.
1726 493 1821 534 gen.

237 549 333 591 aud.
356 563 474 592 exeo.
499 550 739 591 committit.

237 616 279 650 11.
299 627 357 660 ap.
378 616 416 651 s,
435 616 477 649 Ρ.
497 616 604 651 xxv
621 617 700 652 Ian.
721 618 805 652 1610
824 616 866 650 P.
886 627 946 652 an.
964 617 1008 651 v.

1388 727 1476 770 Req.
1497 726 1584 761 bull.
1604 727 1673 760 IV.
1695 729 1770 762 136.
1789 727 1824 761 b.

323 837 392 881 97.
426 835 476 876 A.
501 834 547 875 F.
573 833 622 875 R.
647 832 706 874 M.
731 840 1013 878 Animarum
1033 837 1186 877 saluti.
1210 858 1236 864 —
1256 833 1375 876 Paul.
1399 833 1437 873 V
1456 834 1827 888 praedecessorum

240 907 428 959 vestigiis
462 905 702 958 inhaerens,
726 903 788 946 Cl.
812 904 1030 959 Aquaviva
1050 904 1119 946 Pr.
1142 903 1247 947 Gen.
1272 904 1312 946 S.
1337 905 1371 946 I.
1403 919 1477 958 pro
1507 906 1827 960 quibuscunque

238 978 396 1019 Oceani
431 976 563 1018 Indiis
603 982 678 1018 aut
717 976 912 1018 Sinarum
952 977 1122 1030 regione
1151 977 1217 1018 vel
1251 976 1433 1018 Brasilia
1469 977 1751 1030 indulgentias
1785 981 1828 1019 et

237 1050 463 1091 facultates
483 1048 689 1091 concedit.
714 1048 778 1090 Ad
799 1050 851 1090 20
873 1062 1004 1090 annos
1024 1062 1050 1090 a
1070 1048 1168 1090 data
1187 1050 1473 1102 praesentium
1493 1049 1699 1091 valituris.

238 1116 280 1150 R.
301 1127 361 1159 ap.
382 1115 418 1150 S.
440 1115 483 1150 P.
504 1116 555 1151 XI
573 1116 659 1150 Feb.
682 1118 766 1151 1610
783 1115 824 1150 Ρ.
845 1126 904 1150 an.
924 1115 967 1149 V.

1388 1235 1479 1279 Rey.
1499 1235 1588 1269 bull.
1609 1235 1679 1270 IV.
1698 1238 1772 1271 170.
1792 1236 1829 1272 b.

321 1346 395 1390 98.
430 1351 514 1388 E'oe.
539 1347 744 1401 immeto
763 1347 906 1388 nobis.
931 1368 957 1374 —
990 1342 1112 1384 Paul.
1149 1342 1187 1383 V
1221 1343 1312 1396 Epo
1334 1342 1630 1396 Waffordien„
1659 1347 1829 1397 petente

244 1415 312 1456 Pr.
337 1413 442 1456 Gen.
468 1415 509 1457 S.
534 1414 568 1456 I.
594 1415 820 1456 committit
853 1418 900 1455 ut
934 1413 1139 1466 religiosis
1169 1414 1209 1456 S.
1234 1413 1270 1455 I.
1303 1415 1346 1455 in
1376 1428 1501 1468 regno
1530 1413 1724 1456 Iberniae
1753 1428 1828 1468 pro

241 1487 558 1528 conservatione
594 1492 637 1527 et
663 1500 834 1539 propag.
859 1485 960 1527 fidei
994 1486 1105 1527 cath.
1130 1486 1306 1527 summis
1346 1499 1442 1526 cum
1477 1486 1590 1527 vitae
1629 1486 1828 1539 periculis

233 1557 499 1599 versantibus
535 1571 612 1598 nec
648 1562 808 1598 certum
845 1557 1106 1598 domicilium
1128 1556 1381 1598 habentibus
1402 1557 1622 1599 ecclesiam
1651 1556 1821 1610 paroch.

237 1630 279 1672 S.
303 1630 419 1671 Petri
440 1629 716 1670 Watfordien.
737 1643 791 1670 ex
810 1633 1024 1670 vetustate
1045 1628 1326 1670 collabentem
1349 1629 1528 1683 ideoque
1562 1630 1646 1670 iam
1668 1628 1827 1670 dudum

234 1703 324 1743 sine
346 1715 448 1743 cura
483 1703 721 1743 animarum
743 1702 948 1743 concedat
968 1706 1010 1742 et
1031 1702 1228 1754 assignet.
1254 1701 1321 1743 Fr.
1347 1703 1400 1742 24
1425 1715 1594 1742 marcae
1616 1700 1821 1754 sterlingi.

235 1768 276 1803 R.
298 1780 356 1811 ap.
378 1768 415 1803 S.
435 1768 475 1803 P.
495 1768 581 1804 XIII
599 1768 672 1802 kal.
693 1769 782 1812 Apr.
804 1771 888 1804 1609
907 1768 947 1802 Ρ.
968 1779 1027 1802 an.
1046 1768 1087 1802 V.

1388 1877 1478 1920 Rey.
1500 1877 1587 1910 bull.
1608 1876 1674 1910 IV.
1695 1879 1769 1912 138.
1790 1877 1825 1910 b.

316 1995 391 2038 99.
425 1994 474 2035 A.
513 1992 561 2034 Ρ.
594 1993 645 2034 R.
670 1992 726 2035 M.
753 1997 1017 2038 Pastoralz's
1038 1997 1114 2049 off.
1137 2008 1265 2037 eura.
1302 2017 1328 2023 —
1367 1992 1487 2033 Paul.
1529 1992 1567 2033 V
1607 1991 1827 2033 confirmat

234 2066 565 2106 transactionem
583 2065 692 2106 inter
712 2069 814 2106 rect.
835 2065 932 2107 coll.
953 2065 995 2106 S.
1014 2064 1050 2106 Ι.
1074 2064 1346 2106 Bruntruten.
1372 2077 1397 2105 a
1418 2063 1503 2105 Iac.
1527 2062 1825 2117 Christophoro

236 2136 326 2190 Epo
350 2137 549 2178 Basilien.
576 2138 703 2178 erecti
721 2141 761 2178 et
782 2151 835 2178 ex
853 2137 1088 2189 redditibus
1109 2137 1295 2177 omnium
1317 2136 1592 2177 ecclesiarum
1613 2135 1826 2189 aliquibus

235 2208 498 2261 portionibus
519 2209 670 2249 annuis
692 2208 945 2250 sublevandi
967 2213 1094 2261 atque
1115 2207 1313 2248 abbatem
1334 2211 1376 2248 et
1392 2220 1510 2248 conv.
1536 2207 1667 2247 monii
1687 2205 1824 2248 Belle-

234 2280 384 2333 lagien.
409 2279 655 2322 Cistercien.
681 2281 768 2322 ord.
794 2280 993 2321 Basilien.
1014 2280 1164 2332 dioec.,
1188 2293 1272 2333 qua
1288 2279 1327 2320 d.
1360 2279 1663 2320 monasterium
1693 2278 1826 2320 solvet

232 2351 276 2392 in
297 2352 491 2404 proxima
511 2352 608 2392 fest.
633 2351 673 2393 S.
707 2351 882 2392 Martini
904 2351 1020 2392 mille
1055 2351 1184 2392 libras
1205 2350 1468 2392 Basileenses
1498 2363 1595 2390 cum
1624 2350 1825 2402 pensione

235 2424 284 2463 10
306 2422 437 2473 mod„
461 2425 513 2464 50
530 2422 658 2463 libras
675 2436 769 2463 cum
787 2422 963 2464 dimidia
983 2423 1184 2476 pensione
1202 2426 1382 2476 quatuor
1397 2422 1516 2462 annis
1533 2420 1822 2474 sequentibus,

233 2494 276 2534 in
290 2494 499 2547 reliquum
517 2507 542 2534 a
554 2495 700 2547 quavis
717 2494 925 2535 solutione
943 2495 1224 2535 eximitur.—
1240 2493 1330 2546 Epo
1345 2493 1582 2534 Lausanen.
1600 2505 1687 2533 cur.
1707 2505 1819 2533 caus.

233 2578 341 2606 cam.
366 2579 433 2618 ap.
458 2579 552 2618 gen.
577 2565 759 2606 auditori
782 2570 824 2606 et
845 2568 1083 2619 praeposito
1104 2565 1261 2607 saecul.
1284 2569 1326 2606 et
1342 2564 1588 2616 collegiatae
1604 2563 1704 2605 eccl.
1724 2577 1819 2617 opp.

234 2635 468 2678 Lucernen.
495 2638 768 2679 Constantien
793 2638 926 2679 dioec.
953 2651 1070 2680 exec.
1095 2637 1334 2679 committit.

234 2701 278 2735 R.
299 2712 356 2744 ap.
379 2700 415 2735 S.
437 2701 477 2735 P.
498 2702 617 2744 IApr.
640 2705 724 2737 1610
742 2703 783 2736 Ρ,
803 2713 862 2736 an.
882 2703 925 2737 V.

1443 2811 1519 2854 Re9
1540 2809 1640 2844 hall.
1659 2809 1725 2844 IV.
1748 2811 1821 2845 140.

313 2936 421 2979 100.
444 2936 517 2977 Ad
537 2936 799 2990 azcycmlam
822 2936 1047 2988 fidelium.
1072 2957 1097 2962 —
1118 2931 1237 2973 Paul.
1262 2930 1298 2972 V
1319 2929 1514 2972 fidelibus
1535 2930 1608 2983 qui
1628 2929 1817 2982 aliquam

233 3019 286 3049 ex
307 3005 496 3048 ecclesiis
515 3018 635 3060 prov.
660 3005 888 3059 Iapponen.
913 3006 956 3047 in
978 3005 1130 3065 quibus
1151 3008 1416 3046 sacramenta
1445 3003 1660 3045 Ecclesiae
1689 3001 1822 3046 admi-
