1989 3252
249 190 428 233 Urban.
448 187 581 230 vm.
922 209 977 215 —
1007 185 1086 225 346
1114 208 1169 214 —
1709 185 1838 230 1637.

333 277 432 320 175.
457 275 508 315 A.
531 272 580 315 F.
600 273 651 315 R.
671 273 729 315 M.
750 277 999 330 Spiritualz'
1015 282 1062 317 ῑη
1085 277 1275 317 Christo.
1299 296 1325 302 -
1345 271 1505 313 Urban.
1524 270 1641 322 VIII,
1659 272 1840 324 petenti-

253 345 330 386 bus
351 344 577 386 abbatissis
599 358 671 385 seu
694 345 905 397 priorissis
926 349 969 385 et
990 343 1205 384 monialib.
1226 343 1576 384 monasteriorum
1592 341 1837 382 Cistercien.

251 416 350 458 Ord.
374 415 623 469 oppidorum
645 414 879 456 Rathusen.
904 419 946 456 et
967 414 1246 455 Eschenbach
1263 413 1549 455 Constantien.
1570 411 1703 454 dioec,
1727 426 1840 466 pres-

253 487 411 540 byteris
432 485 473 529 S.
492 484 600 529 ljad
623 489 673 529 15
690 500 821 528 annos
843 485 1037 528 concedit
1054 490 1100 526 ut
1121 485 1171 526 de
1187 485 1360 526 licentia
1378 484 1528 538 Praep.
1546 483 1654 525 Gen.
1673 483 1842 525 illarum

254 557 536 599 confessiones
557 556 744 598 audiant.

251 625 294 659 R.
313 635 372 667 ap.
392 624 428 659 S.
450 624 493 660 P.
512 624 636 659 XXVI
651 625 759 659 Mart.
782 625 866 659 1636
883 623 923 658 Ρ.
944 634 1003 658 an.
1021 622 1119 657 XIII.

1500 732 1591 776 Req.
1611 731 1699 765 bule.
1728 731 1845 765 V168.

336 847 436 890 176.
471 843 521 885 A.
545 842 592 884 F.
619 843 669 885 R.
695 843 753 884 M.
780 847 972 887 Dilectos
991 846 1125 896 filios.
1149 867 1174 873 —
1195 842 1355 884 Urban.
1378 840 1481 882 VIII
1512 841 1691 882 alumnis
1721 840 1844 881 semi-

255 915 366 957 narii
389 914 556 956 Vilnen.
577 914 630 955 ad
651 915 918 968 septennium
941 913 1135 955 concedit
1155 919 1202 955 ut
1222 919 1342 955 extra
1358 918 1548 967 tempora
1570 918 1612 954 et
1640 912 1693 954 ab
1715 913 1845 953 antis-

255 988 334 1029 tite
355 1000 431 1040 per
451 1000 522 1027 eos
545 985 763 1039 deligendo
784 986 969 1026 ordinari
990 986 1165 1038 possint.

257 1055 300 1087 R.
320 1064 377 1097 ap.
398 1053 433 1087 S.
452 1053 502 1108 M.
523 1052 571 1087 M.
591 1052 641 1088 III
658 1052 725 1087 Iul.
749 1055 847 1087 1636.

1437 1164 1521 1207 περ.
1547 1163 1634 1196 bun.
1658 1162 1720 1195 VJ.
1740 1164 1792 1197 68.
1814 1162 1848 1195 b.

338 1287 439 1331 177.
474 1288 605 1328 Alias
626 1301 652 1328 a
674 1288 803 1328 nobis
822 1291 1114 1328 emanarunt.
1137 1310 1163 1315 -
1181 1284 1342 1325 Urban.
1368 1283 1488 1336 VIII,
1508 1287 1676 1337 petente
1696 1283 1852 1325 Ioanne

260 1356 432 1409 Aloysio
454 1370 562 1398 com.
588 1355 639 1396 de
662 1355 827 1397 Nassau
859 1355 1233 1409 Catzenelebogen,
1257 1355 1431 1396 mandat
1452 1355 1632 1396 Martino
1663 1353 1851 1396 Insulan.

259 1428 453 1482 episcopo
475 1440 550 1470 suo
579 1428 623 1468 in
652 1427 845 1481 partibus
875 1428 949 1469 inf.
983 1426 1236 1469 Germaniae
1264 1426 1424 1468 Nuntio
1460 1431 1508 1468 ut
1543 1426 1853 1477 executionem,

261 1499 434 1541 decessu
455 1513 481 1541 a
501 1499 750 1540 nuntiatura
773 1513 850 1540 sua
871 1499 987 1540 Petri
1010 1499 1169 1551 Aloysii
1202 1499 1387 1553 episcopi
1417 1498 1672 1540 Tricaricen.
1697 1497 1855 1539 ibidem

260 1576 362 1613 tunc
399 1571 638 1624 abruptam,
662 1571 899 1612 litterarum
930 1572 1184 1612 insertarum
1209 1578 1307 1615 Etsi
1328 1579 1451 1614 Rom.
1478 1574 1759 1625 Pontificem,
1783 1584 1851 1623 ap.

262 1643 304 1684 S.
331 1642 503 1683 Petrum
526 1641 609 1682 XII
631 1642 731 1695 Apr.
757 1641 1034 1694 MDCXXXI,
1058 1642 1104 1682 P.
1130 1656 1198 1683 an.
1223 1644 1259 1682 8.
1286 1646 1579 1695 prosequatur,
1609 1641 1762 1695 quibus
1793 1654 1851 1681 sc.

262 1713 304 1754 d.
327 1713 487 1755 Nuntio
510 1713 694 1754 Martino
716 1713 1090 1754 commendabatur
1111 1714 1340 1766 applicatio
1363 1712 1593 1754 secundum
1626 1712 1666 1754 d.
1690 1713 1855 1754 comitis

259 1786 506 1839 petitionem
537 1785 710 1837 collegio
743 1784 784 1826 S.
811 1785 845 1826 1.
880 1785 1074 1826 facienda
1104 1785 1306 1826 ecclesiae
1337 1785 1583 1838 collegiatae
1612 1785 1653 1824 in
1684 1784 1775 1825 loco
1806 1783 1857 1825 de

264 1856 363 1898 Diez
384 1855 597 1898 Treviren.
623 1856 755 1910 dioec.
782 1856 883 1897 olim
906 1870 978 1909 per
1001 1857 1176 1898 comites
1197 1856 1249 1897 de
1271 1856 1436 1898 Nassau
1458 1870 1531 1909 pro
1567 1858 1614 1896 12
1646 1855 1859 1896 canonicis

262 1928 480 1981 fundatae,
513 1933 555 1969 et
585 1929 937 1970 monasteriorum
962 1928 1206 1969 monialium
1229 1928 1279 1969 de
1301 1927 1367 1969 P..
1392 1929 1514 1969 istem
1538 1927 1578 1969 S.
1605 1926 1782 1979 Bened.‚
1806 1926 1857 1968 de

264 2000 465 2042 Bezelech
498 2001 882 2042 Praemonstraten.
928 2000 1141 2042 Treviren.
1181 1999 1334 2052 dioec.‚
1376 1999 1427 2041 de
1469 1999 1581 2041 Tron
1610 1998 1855 2040 Cistercien.

266 2071 500 2124 Moguntin.
523 2071 639 2112 etde
670 2071 937 2113 Gnadenthal
969 2072 1097 2112 etiam
1129 2071 1372 2112 Cistercien.
1408 2071 1612 2112 Ordinum
1642 2069 1856 2112 Treviren.

262 2148 446 2195 respect.
470 2142 605 2184 dioec.
633 2143 704 2196 (fr.
727 2143 899 2184 insimul
924 2145 1028 2184 1600
1051 2142 1168 2195 duc.)
1190 2157 1298 2197 quae
1319 2144 1362 2184 in
1384 2143 1692 2184 haereticorum
1715 2143 1858 2183 minis-

263 2219 425 2255 trorum
447 2228 547 2255 usus
568 2218 611 2255 et
642 2215 683 2255 in
722 2215 941 2255 cuiusdam
978 2214 1146 2256 scholae
1178 2215 1466 2256 calvinisticae
1497 2215 1858 2256 manutentionem

263 2299 466 2327 conversa
486 2290 621 2328 erant.

264 2352 307 2386 R.
329 2362 387 2395 ap.
412 2351 448 2386 S.
471 2352 520 2387 M.
542 2353 592 2387 M.
615 2352 661 2385 IV
682 2353 775 2395 Aug.
796 2353 929 2387 P.1637
948 2353 989 2386 Ρ.
1010 2363 1068 2385 an.
1090 2353 1187 2387 XIV.

1514 2464 1601 2508 Ray.
1623 2463 1709 2497 bull.
1734 2464 1790 2497 VI.
1811 2465 1866 2497 71.

361 2585 460 2628 178.
498 2590 569 2627 Ex-
588 2588 793 2627 iniuncto
814 2587 955 2627 nohe's.
978 2609 1003 2614 —
1025 2583 1184 2625 Urban.
1218 2583 1336 2635 VIII,
1369 2585 1510 2625 citatis
1539 2584 1622 2625 litt.
1660 2584 1778 2625 Pauli
1808 2583 1865 2637 II,

277 2661 385 2698 Cum
407 2662 453 2697 ἱη
475 2658 685 2698 omnibus
715 2658 900 2698 z'msslt'ca'z's
935 2657 1056 2707 1465,
1090 2654 1140 2698 V.
1175 2644 1382 2703 idsMaii.
1417 2655 1658 2708 petentibus
1689 2661 1791 2697 rect.
1826 2660 1868 2697 et

278 2725 568 2779 collegialibus
589 2726 684 2767 coll.
709 2725 750 2769 S.
776 2726 810 2768 I.
836 2726 1093 2779 Siracusan.,
1117 2727 1290 2768 mandat
1320 2728 1581 2769 thesaurario
1612 2727 1714 2768 eccl.
1745 2727 1868 2779 Syra-

278 2811 423 2839 cusan.
448 2801 490 2838 et
518 2798 598 2838 vic.
622 2811 716 2850 gen.
741 2799 928 2851 episcopi
950 2797 1207 2850 Siracusan.,
1231 2805 1292 2851 ut,
1317 2801 1351 2840 si
1371 2801 1412 2840 in
1445 2799 1698 2851 evidentem,
1721 2813 1868 2841 conce-

280 2869 352 2909 dat
368 2868 408 2910 d.
428 2868 524 2910 coll.
544 2869 761 2910 licentiam
780 2869 986 2911 vendendi
1005 2870 1231 2924 quamdam
1253 2870 1423 2911 domum
1445 2874 1486 2911 et
1507 2870 1610 2911 duas
1629 2870 1867 2923 apothecas,

280 2941 473 2980 ruinosas
490 2944 532 2981 et
552 2954 679 2992 saepe
701 2940 894 2981 illocatas
915 2941 1047 2988 (redd.
1072 2956 1169 2983 ann.
1195 2945 1246 2982 60
1268 2943 1365 2994 sc),
1388 2956 1414 2983 a
1444 2943 1633 2984 Leonora
1661 2941 1871 2983 Dominici

280 3025 378 3052 cum
415 3011 698 3064 prohibitione
733 3011 1002 3054 alienationis
1033 3018 1075 3053 et
1105 3013 1182 3054 sub
1212 3027 1337 3067 poena
1371 3013 1649 3055 devolutionis
1679 3013 1731 3054 ab
1766 3013 1872 3054 alios
