1989 3252
91 202 228 257 Greg.
251 203 352 246 XV.
764 226 818 231 ——
847 202 924 241 297
956 225 1009 230 -
1539 200 1668 243 1622.

175 289 250 332 22.
283 295 522 332 Romanus
542 289 773 342 Pontifeoe.
798 312 823 318 -
841 288 960 340 Greg.
985 287 1076 339 XV,
1100 286 1321 328 attendens
1342 285 1395 327 ad
1428 285 1509 327 litt.
1534 285 1664 326 Olem.

95 357 199 398 VIII
234 356 337 411 (Cfr.
377 371 418 399 n.
460 358 554 411 183)
587 370 662 410 pro
697 357 869 410 collegio
904 357 944 399 S.
983 358 1016 398 I.
1055 357 1261 409 Flexien.,
1297 356 1469 398 mandat
1504 355 1669 397 officiali

96 426 365 480 Andegaven.
388 431 436 468 ut
455 428 663 481 prioratus
684 427 723 468 d.
749 428 923 480 collegio
944 432 1043 469 tunc
1064 429 1171 468 uniti
1190 428 1439 479 sacristiam,
1462 440 1536 480 per
1569 427 1670 467 resi-

93 498 333 550 gnationem
353 497 506 539 Renati
539 496 712 539 Duffont
746 499 912 551 prioris,
936 503 1206 552 procuratore
1240 498 1397 539 Ioanne
1431 497 1668 549 Marchant‚

91 568 247 609 factam
268 573 502 620 vacantem,
525 583 636 610 cum.
661 569 700 610 d.
725 569 900 623 collegio
919 571 1050 611 uniat.
1077 570 1142 611 Fr.
1167 571 1221 611 24
1241 569 1334 610 duc.

87 634 133 669 R.
155 645 212 677 ap.
234 634 270 669 S.
290 634 330 669 P.
350 634 401 669 id.
420 635 493 669 Ian.
515 638 598 669 1622
616 636 656 669 P.
677 647 734 669 an.
754 636 796 671 Il.

1309 728 1398 770 Rey.
1418 727 1504 760 bun.
1535 728 1571 760 v.
1595 729 1668 761 141.

174 837 246 881 23.
279 835 328 875 Α.
349 835 394 876 Ρ.
415 835 463 876 R.
485 835 541 877 M.
562 842 614 878 In
635 850 849 892 supremo
871 840 1127 880 υνῖίῑίαηίῑζς.
1147 861 1172 866 -
1188 836 1309 889 Greg.
1328 835 1404 876 XV
1422 839 1581 876 statuta
1595 849 1669 889 per

89 906 223 948 Breve
246 907 374 948 Clem.
401 907 504 948 VIII
526 910 549 948 6
570 906 695 949 Mart.
724 910 827 950 1592
848 909 891 949 in
917 909 1101 949 favorem
1138 908 1233 950 coll.
1271 908 1411 949 Germ.
1449 913 1491 949 et
1525 907 1663 960 Hung.

89 977 140 1019 de
162 978 451 1020 iurisdictione
473 978 596 1021 Card.
620 979 907 1021 Protectorum
938 979 1173 1031 confirmat,
1209 985 1251 1021 et
1279 993 1373 1020 cum
1405 979 1592 1020 nonnulli
1622 979 1666 1018 in

89 1049 379 1092 iurisdictione
405 1051 643 1093 huiusmodi
666 1065 709 1093 se
730 1052 1010 1093 intromittere
1031 1056 1316 1105 praesumant,
1338 1051 1434 1091 lites
1455 1051 1666 1091 introduc-

89 1125 154 1162 tas
170 1121 221 1162 ad
244 1135 288 1163 se
309 1127 456 1163 avocat
476 1128 517 1164 et
537 1124 761 1176 extinguit,
785 1124 1028 1177 nullamque
1047 1124 1175 1164 aliam
1191 1123 1521 1164 iurisdictionem
1540 1136 1665 1176 quam

88 1191 157 1232 dd.
182 1190 303 1233 Card.
328 1192 617 1234 Protectorum
637 1193 818 1234 validam
840 1207 928 1235 esse
951 1194 1149 1235 declarat.

86 1257 128 1291 R.
148 1268 204 1301 ap.
227 1257 262 1292 S.
284 1258 324 1292 P.
344 1258 412 1294 XII
430 1258 502 1292 kal.
523 1260 629 1294 Mart.
653 1262 732 1295 1621
754 1260 793 1293 Ρ.
813 1271 870 1294 an.
891 1260 936 1294 II.

84 1365 188 1400 Ball.
208 1369 251 1400 de
264 1377 373 1408 prop.
393 1367 436 1401 F.
454 1367 485 1402 Ι.
503 1370 578 1403 376.

167 1477 241 1520 24.
273 1475 420 1529 Congr.
442 1477 483 1517 S.
503 1475 677 1519 Rit.-S.
696 1476 813 1519 Fidei
830 1479 872 1518 in
888 1477 1034 1519 Indiis.
1054 1477 1133 1519 Pro
1150 1478 1346 1530 archiep&
1369 1493 1376 1518 :
1400 1477 1526 1519 Posse
1542 1478 1668 1518 iesui-

85 1549 150 1586 tas
172 1545 419 1587 benedicere
440 1552 703 1599 paramenta,
727 1547 797 1589 ubi
819 1562 903 1589 non
923 1548 1147 1589 adhibetur
1167 1562 1198 1588 s.
1224 1548 1382 1599 unctio,
1406 1561 1478 1601 pro
1500 1548 1597 1588 suis.

81 1614 120 1645 19
138 1612 225 1646 Feb.
247 1614 341 1647 1622.

78 1704 259 1739 Analecta
277 1705 378 1738 Iuris
396 1704 588 1747 Pontificii
604 1710 628 1738 t.
655 1703 732 1738 VII.
748 1717 786 1749 p.
806 1708 879 1741 582,

163 1816 234 1860 25.
270 1816 320 1856 Α.
343 1814 389 1855 Ρ.
422 1813 472 1855 R.
506 1813 565 1855 M.
589 1818 1063 1871 Romanusponcz'feoe.
1102 1841 1128 1846 —
1161 1814 1282 1868 Greg.
1321 1814 1411 1864 XV,
1451 1815 1662 1857 nonnullis

83 1885 423 1927 existimantibus
440 1899 492 1926 ex
511 1885 712 1926 clausulis
729 1886 966 1927 litterarum
983 1888 1195 1928 cruciatae
1206 1887 1396 1940 derogari
1413 1888 1661 1940 cuicumque

82 1955 123 1998 S.
148 1958 182 1998 l.
207 1956 435 2010 privilegio,
458 1956 559 1997 licet
579 1969 652 2009 per
672 1956 792 2009 Greg.
817 1957 921 1998 XIII
956 1963 997 1998 et
1030 1958 1163 1999 Clem.
1202 1957 1303 1998 VIII
1340 1958 1482 1999 brevia
1515 1958 1662 1999 confir-

82 2031 210 2079 mato,
234 2028 372 2068 sancit
392 2027 665 2068 facultatibus
700 2027 740 2069 d.
765 2029 976 2069 cruciatae
1012 2029 1146 2082 quoad
1181 2028 1418 2082 eligendum
1453 2029 1659 2070 confessa-

80 2099 188 2140 rium
209 2099 425 2152 religiosos
446 2099 484 2140 d.
510 2098 551 2140 S.
576 2099 637 2139 uti
657 2112 739 2139 non
760 2112 895 2152 posse.

77 2165 121 2199 R.
141 2176 197 2208 ap,
219 2164 254 2200 S.
278 2165 318 2199 Ρ.
338 2165 463 2201 XXVI
482 2164 565 2199 Feb.
587 2167 671 2200 1622
689 2165 730 2198 Ρ.
750 2176 807 2199 an.
827 2165 871 2200 Π.

1268 2261 1355 2303 Res).
1376 2260 1467 2294 bula.
1492 2261 1529 2294 V.
1549 2263 1602 2296 68.
1622 2261 1655 2295 b.

159 2369 231 2413 26.
265 2368 314 2409 A.
340 2367 385 2409 P.
409 2367 460 2408 R.
484 2366 541 2408 M.
566 2370 1049 2412 Em2'212·zmctaenob2·s.
1072 2394 1097 2399 -
1131 2369 1252 2422 Greg.
1290 2369 1366 2410 XV
1391 2369 1597 2423 approbat
1617 2373 1659 2411 et

77 2439 296 2480 confirmat
317 2439 610 2480 conventiones
630 2439 854 2480 erectionis
873 2444 915 2480 et
949 2439 1176 2481 dotationis
1210 2441 1373 2494 collegii
1395 2440 1436 2482 S.
1460 2441 1494 2481 I.
1518 2440 1656 2482 Viter-

78 2509 189 2552 bien.
212 2510 450 2551 aTiburtio
470 2511 537 2551 tit.
574 2509 616 2551 S.
653 2510 822 2551 Priscae
858 2509 980 2551 Card.
1018 2511 1133 2552 Muto
1169 2516 1209 2552 et
1244 2511 1368 2553 Laur.
1407 2511 1653 2564 Magalotto,

77 2580 350 2634 Vice-legato,
373 2581 571 2622 Federico
592 2579 823 2622 Veneschio
858 2586 900 2622 et
934 2581 1051 2623 Lelio
1077 2581 1242 2624 Brassio
1273 2583 1652 2634 conservatoribus,

78 2651 174 2693 dein
195 2657 363 2706 propter
383 2652 681 2705 impedimenta
709 2652 932 2705 quaedam,
955 2667 980 2694 a
999 2653 1160 2694 Ciriaco
1189 2653 1342 2695 Roccio
1375 2653 1652 2707 Viae-legato,

77 2722 250 2764 Horatio
270 2722 451 2775 Vannio,
473 2723 604 2764 Paulo
630 2723 798 2775 Peleno,
822 2723 1021 2765 Fedcrico
1049 2723 1281 2766 Verrescho
1317 2725 1495 2779 aliisque
1528 2726 1655 2766 initas

76 2794 155 2845 (cfr
175 2808 216 2835 n.
241 2795 328 2847 20),
352 2793 449 2834 dein
473 2795 521 2835 10
542 2793 632 2834 Ian.
661 2796 765 2835 1622
785 2796 1049 2836 continua-tas
1084 2797 1126 2836 in
1161 2796 1283 2837 domo
1320 2796 1422 2849 prof.
1461 2796 1502 2838 S.
1527 2796 1560 2837 Ι.
1601 2796 1652 2836 de

75 2864 190 2906 Urbe
210 2878 283 2917 per
306 2864 392 2905 Iac.
417 2863 599 2905 Closiuni
623 2868 665 2906 et
684 2864 891 2918 Lepidum
912 2866 1108 2907 Bussium
1131 2866 1353 2921 deputatos
1374 2867 1607 2908 Viterbien.

73 2930 113 2965 R.
134 2942 191 2974 ap.
212 2930 247 2964 S.
271 2931 309 2963 P.
332 2931 363 2965 V
381 2931 487 2965 Mart.
509 2933 591 2965 1622
605 2928 651 2964 P.
670 2942 715 2964 an
748 2932 792 2966 Π.

1260 3027 1348 3068 Rey.
1368 3026 1454 3059 buil.
1484 3026 1521 3059 V.
1541 3029 1595 3061 69.
1616 3026 1650 3059 b.
