1989 3252
232 201 375 245 Clem.
396 198 537 244 XIII.
895 225 951 231 —
978 202 1060 241 492
1089 224 1144 231 —
1685 203 1816 248 1765.

230 292 272 329 et
295 286 442 341 quadr.
463 288 505 328 111
526 287 622 329 aliis
643 287 847 330 concedit.
865 288 1033 342 Absque
1055 288 1172 330 brevi
1193 293 1236 331 et
1256 303 1473 345 quousque
1488 293 1628 332 orator
1643 303 1817 332 munere

231 359 479 412 fungetur...
505 358 547 400 S.
570 358 722 413 Borgia
743 373 848 401 secr.

230 427 271 460 12
289 425 395 459 Mart.
417 427 513 460 1765.

1668 537 1818 573 Bullae.

314 648 392 689 48.
429 650 514 692 Qm'
545 661 604 690 ex
634 650 991 702 Hispaniarum.
1028 670 1054 676 -
1088 643 1220 686 Clem.
1258 644 1363 686 XIII
1399 645 1590 686 Assentio
1623 645 1816 699 episcopo

232 716 543 758 Barchinonen.
568 716 774 758 laetitiam
805 730 930 770 quam
961 731 1013 758 ex
1034 717 1333 758 constitutione
1354 720 1662 773 Apostolicum
1685 717 1814 770 cepit,

237 788 486 842 gratulatur,
507 801 660 841 eosque
676 789 747 842 qui
764 801 816 829 ex
833 787 874 829 S.
894 787 927 829 Ι.
949 789 1042 830 istic
1063 792 1176 840 sunt,
1194 789 1324 829 vitam
1341 787 1395 829 ad
1416 801 1607 829 normam
1622 787 1813 829 Instituti

231 873 398 901 morum
422 859 661 900 innocentia
681 863 723 900 et
742 859 914 913 pietatis
936 859 1074 900 studio
1096 858 1297 900 exhibere
1317 858 1484 912 gaudet.

234 925 276 960 R.
298 937 355 969 ap.
377 925 412 960 S.
432 926 481 960 M.
502 926 551 961 M.
571 925 658 960 XllI
674 926 783 960 Mart.
806 928 890 960 1765
914 925 952 958 P.
974 936 1033 960 an.
1053 925 1130 960 VII.

231 1034 332 1069 Bull.
352 1035 458 1070 Rom.

313 1146 384 1188 49.
420 1148 788 1189 luczmzrtz'ssesmae
807 1148 951 1188 nobis.
981 1169 1006 1175 -—
1035 1143 1169 1186 Clem.
1193 1142 1298 1184 XIII
1328 1142 1477 1185 Ioanni
1506 1143 1816 1197 archiepiscopo

229 1215 514 1258 Tarraconen.
549 1216 787 1269 gratulatur
821 1216 873 1257 de
907 1216 1194 1258 consolatione
1230 1228 1357 1269 quam
1393 1228 1446 1256 ex
1481 1214 1669 1256 Instituti
1703 1214 1743 1256 S.
1777 1214 1812 1256 Ι.

227 1287 547 1329 confirmatione
568 1289 696 1341 cepit,
720 1288 906 1329 noluisse
925 1301 970 1329 se
1006 1291 1053 1328 ut
1073 1300 1127 1328 ex
1162 1286 1329 1328 silentio
1351 1299 1426 1327 suo
1456 1283 1604 1327 fideles
1627 1286 1814 1338 suspica-

226 1362 373 1400 rentur
394 1359 555 1413 aliquid
576 1360 620 1400 in
641 1359 681 1401 d.
706 1359 908 1400 Instituto
930 1359 1022 1399 vitii
1042 1358 1191 1410 latere,
1210 1357 1391 1399 voluisse
1412 1361 1658 1399 moerentem
1676 1356 1812 1399 Socie-

225 1434 357 1471 tatem
380 1431 540 1483 erigere
561 1434 604 1472 et
624 1430 848 1471 consolari.

228 1497 268 1531 R.
290 1508 347 1539 ap.
369 1497 405 1531 S.
427 1497 476 1531 M.
497 1497 545 1531 M.
568 1497 651 1532 XIII
668 1497 774 1531 Mart.
799 1499 882 1531 1765
901 1497 941 1530 P.
962 1507 1021 1530 an.
1042 1496 1119 1531 VIl.

228 1606 326 1640 Ball.
346 1607 451 1642 Rom.

308 1729 380 1771 50.
416 1730 785 1770 szstz'catzoozem
809 1742 899 1782 qua
921 1741 1081 1783 nuper.
1107 1751 1132 1756 -
1152 1724 1283 1766 Clem.
1308 1723 1413 1765 XIII
1447 1724 1625 1777 Iosepho
1654 1723 1814 1765 Mariae

225 1799 420 1852 episcopo
439 1788 644 1840 Mutinen.
659 1799 965 1840 iucunditatem
983 1813 1035 1840 ex
1051 1803 1182 1840 const.
1204 1806 1238 1842 A
1240 1801 1515 1855 postolz‘czmz
1531 1796 1705 1838 allatam
1720 1809 1812 1837 esse

225 1874 342 1923 grato
378 1871 518 1911 animo
553 1871 731 1924 accepit,
769 1871 1006 1924 oportuisse
1045 1869 1256 1911 maculam
1295 1868 1427 1910 deleri
1466 1881 1592 1922 quam
1632 1867 1673 1909 S.
1712 1866 1810 1909 Sedi

225 1942 392 1982 inurere
415 1941 667 1983 studuerunt
687 1942 841 1983 infensi
861 1942 1070 1993 homines,
1089 1942 1263 1994 impium
1281 1939 1531 1981 declarando
1561 1938 1807 1980 Institutum

223 2012 333 2066 quod
354 2017 401 2053 ut
420 2017 612 2054 sanctum
633 2017 675 2053 et
693 2013 809 2066 pium
830 2012 1095 2066 probaverat.

222 2078 263 2112 R.
284 2090 342 2120 ap.
364 2078 400 2113 S.
420 2079 469 2114 M.
491 2079 538 2113 M.
559 2079 643 2113 XVI
662 2080 769 2114 Mart.
792 2082 876 2115 1765
894 2079 934 2114 P.
955 2090 1013 2113 an.
1035 2079 1112 2114 VII.

222 2187 323 2222 Buri.
344 2190 450 2224 Rom.
470 2208 507 2213 —
530 2189 644 2223 Sensa
662 2189 741 2224 ΕΒ.
761 2188 857 2232 ΡΡ.,
880 2200 914 2231 p.
936 2190 1009 2223 115.

303 2310 373 2353 51.
413 2311 777 2364 Perplacuerzmt
797 2310 941 2352 nobis.
966 2332 991 2337 —
1015 2306 1148 2348 Clem.
1185 2305 1290 2348 XIII
1324 2306 1472 2347 Ioanni
1506 2304 1590 2346 Ios.
1613 2304 1808 2358 episcopo

221 2379 440 2420 Cauriensi
461 2380 744 2432 gratissimam
767 2379 898 2420 fuisse
919 2383 1051 2420 const.
1078 2392 1161 2432 qua
1183 2377 1298 2419 Trid.
1324 2377 1471 2430 syn'odi
1493 2376 1543 2417 de
1572 2376 1676 2417 Inst.
1702 2375 1743 2417 S.
1767 2375 1800 2416 Ι,

221 2451 461 2503 praeconio,
485 2450 854 2504 praedecessorum
876 2464 1047 2492 suorum
1065 2458 1107 2491 et
1123 2450 1412 2504 episcoporum
1429 2463 1481 2489 ex
1502 2448 1615 2489 omni
1635 2447 1807 2488 natione

218 2521 373 2563 iudicio
395 2521 638 2575 compulsus
665 2521 931 2563 confirmavit
960 2521 1000 2563 d.
1024 2521 1286 2572 Institutum,
1310 2519 1462 2573 gaudet
1483 2524 1525 2560 et
1545 2519 1738 2560 hortatur
1757 2522 1804 2558 ut

218 2598 384 2646 patrum
408 2591 449 2634 S.
473 2592 508 2635 Ι.
532 2607 661 2647 opera
681 2594 745 2634 uti
765 2598 925 2647 pergat.

216 2659 260 2694 R.
280 2671 337 2702 ap.
359 2659 393 2694 S.
414 2660 462 2694 M.
484 2660 532 2695 M.
555 2660 657 2696 XVII
675 2661 760 2703 Apr.
786 2662 867 2695 1765
886 2660 926 2694 Ρ.
945 2671 1004 2694 an.
1026 2660 1102 2695 VIl.

220 2769 272 2799 DF
291 2769 493 2811 Rarzynan
511 2780 569 2810 op.
590 2771 663 2808 cit„
684 2779 717 2811 p.
738 2770 812 2802 311.
832 2788 874 2792 -
891 2768 1006 2802 Sensa
1023 2769 1101 2803 RR.
1123 2768 1216 2802 ΡΡ.,
1239 2779 1272 2810 p.
1295 2769 1368 2802 113.

298 2890 373 2933 5⁶2.
411 2895 470 2933 De
491 2894 670 2933 Consta.
695 2894 866 2932 nostra.
907 2913 932 2918 —
974 2887 1104 2928 Clem.
1144 2886 1248 2928 XIII
1287 2887 1464 2940 Iosepho
1485 2890 1563 2939 epo
1585 2885 1799 2937 Solsouae,

216 2964 331 3000 recte
367 2960 534 3013 putanti
569 2958 608 3001 S.
633 2959 782 3001 Sedem
818 2973 900 3000 non
935 2960 1121 3012 potuisse
1143 2959 1266 3000 silere
1298 2959 1456 3000 diutius
1477 2959 1521 2999 in
1549 2957 1803 2998 vindicanda

218 3030 257 3071 S.
282 3030 317 3070 Ι.
337 3036 379 3072 et⁴
399 3031 590 3073 Ecclesia
610 3044 636 3072 a
656 3031 887 3083 malevolis,
910 3030 1149 3084 gratulatur
1170 3031 1373 3072 laetitiam
1391 3044 1443 3071 ex
1459 3034 1593 3071 const.
1613 3038 1643 3073 A
1647 3035 1800 3086 posto·
1826 3089 1831 3092 ι
