1989 3252
114 217 256 262 Clem.
278 216 406 261 XIV.
777 240 830 248 —
859 220 938 259 505
967 241 1021 248 -
1563 219 1691 263 1773.

112 301 370 355 presbyteris
406 302 447 344 S.
471 302 505 344 I.
529 302 778 356 gubernium
815 303 855 345 d.
880 304 1060 356 collegii,
1083 316 1235 357 eosque
1262 302 1515 344 removendi.
1539 303 1625 357 Ipsi
1646 303 1688 345 d.

112 372 339 425 collegium
358 372 543 415 subiicit.

110 437 155 472 R.
176 447 233 481 ap.
256 438 290 472 S.
313 439 360 470 M.
380 438 429 473 M.
454 438 574 474 XVIII
592 439 692 482 Sept.
713 442 796 474 1772
814 439 856 475 P.
875 451 932 474 an.
952 440 1015 475 IV.

111 545 214 580 Ball.
233 546 339 582 Rom,
358 565 401 571 —
418 547 518 582 Ball.
539 549 582 580 de
593 557 750 590 propay.
768 547 843 591 fide
858 549 922 587 IV,
944 550 1017 583 180.

194 667 262 710 11.
297 669 600 711 Praeclaram
621 672 660 710 et
675 681 791 722 pene
810 669 1112 723 sz'nqularem.
1150 691 1175 696 -
1210 665 1340 707 Clem.
1375 665 1473 707 XIV
1509 666 1691 708 Henrico

111 737 306 790 episcopo
329 736 566 779 Tusculano
589 736 711 778 Card.
737 736 832 778 duci
865 737 1120 779 Eboracensi
1140 751 1285 789 nunc.,
1308 741 1433 779 antea
1465 751 1539 791 per
1568 737 1691 780 breve

107 808 160 848 28
180 806 263 848 Iul.
290 807 395 849 1770
425 808 469 848 111
490 808 748 849 visitatorem
771 808 1046 861 apostolicum
1072 808 1252 861 collegii,
1276 808 1491 849 seminarii
1512 813 1554 849 et
1573 808 1691 850 scho-

105 877 244 919 larum
278 878 393 931 publ.
420 880 499 920 civ,
526 877 793 920 Tusculanae
829 880 1071 930 constituto,
1094 879 1274 933 injungit
1307 884 1353 920 ut
1386 879 1487 920 eccl.
1512 884 1552 921 et
1586 880 1681 922 coll.

106 949 147 991 S.
171 949 208 990 I.
231 963 315 990 una
336 964 431 991 oum
455 950 575 992 bonis
597 950 635 991 d.
661 952 886 993 seminario
908 955 1108 1005 perpetuo
1130 952 1262 993 uniat.

102 1015 146 1049 R.
164 1026 222 1058 ap.
243 1015 282 1050 S.
299 1016 349 1050 M.
372 1017 420 1050 M.
441 1017 475 1051 X
496 1017 691 1051 Nomi-172
711 1017 752 1050 Ρ.
772 1028 830 1051 an.
850 1018 911 1052 IV.

103 1125 205 1158 Ball.
224 1126 329 1160 Rom.

184 1246 252 1289 12.
289 1251 396 1288 Cam
415 1259 555 1300 saper
574 1246 716 1288 bonis.
742 1268 767 1274 —
800 1244 932 1285 Clem.
971 1242 1068 1284 XIV
1092 1243 1285 1285 Paschali
1320 1244 1441 1286 Card.
1467 1246 1685 1298 Aquaviva.

103 1314 154 1357 de
174 1315 385 1368 Aragonia
417 1316 598 1368 iniungit
619 1321 681 1366 ut,
705 1329 799 1356 cum
834 1315 884 1356 de
918 1315 1036 1356 bonis
1067 1315 1230 1369 collegii
1251 1314 1390 1356 Germ.
1415 1321 1457 1356 et
1478 1315 1617 1368 Hung.
1641 1323 1683 1357 et.

103 1385 199 1428 coll.
219 1385 649 1440 S.I.Sen0ga11iensis
667 1386 887 1427 nonnullas
903 1387 1159 1439 provisiones
1174 1386 1457 1439 praescribere
1473 1386 1678 1438 intendat,

99 1459 404 1511 possessionem
444 1458 511 1500 dd.
557 1458 761 1500 bonorum
800 1458 1102 1511 apprehendat,
1143 1458 1315 1499 clericos
1355 1458 1594 1499 saeculares
1635 1458 1674 1499 d.

98 1529 141 1571 S.
182 1534 375 1572 amoveat
409 1534 489 1571 etc.
523 1529 677 1571 Omnes
713 1529 960 1581 ordinarios,
991 1529 1289 1582 gubernatores
1323 1542 1396 1582 pro
1432 1529 1677 1570 executione

96 1605 311 1654 praestare
332 1614 454 1654 opem
474 1600 578 1642 vult.

94 1665 137 1700 R.
159 1677 217 1709 ap.
238 1666 272 1700 S.
293 1667 340 1700 M.
362 1667 412 1700 Μ.
433 1667 538 1702 XXV
555 1667 636 1702 Iun.
658 1669 741 1702 1773
759 1666 800 1700 Ρ.
820 1677 878 1699 an.
902 1666 944 1700 V.

94 1775 195 1809 Bull.
215 1775 321 1810 Rom.
342 1794 384 1799 —
401 1775 502 1808 Bull.
522 1776 566 1809 de
577 1786 736 1819 propag.
756 1775 830 1817 fide
846 1774 910 1815 IV,
932 1776 1003 1809 193.

178 1897 251 1940 13.
287 1902 394 1939 Cam
430 1911 570 1952 super
606 1898 749 1939 honis.
788 1919 813 1924 -
852 1892 984 1935 Clem.
1021 1892 1120 1934 XIV
1152 1892 1185 1933 F
1188 1906 1299 1934 rano.
1342 1893 1436 1934 Ant.
1479 1894 1672 1947 episcopo

97 1963 254 2007 Montis
274 1965 362 2007 Alti
384 1966 611 2007 committit
632 1972 692 2017 ut,
716 1979 811 2006 cum
833 1964 882 2006 de
917 1964 1038 2006 bonis
1059 1964 1156 2005 coll.
1179 1963 1300 2005 Rom.
1324 1963 1364 2005 S.
1389 1963 1424 2005 Ι.
1447 1964 1492 2005 111
1511 1964 1599 2005 1000
1621 1964 1672 2006 (10

93 2035 256 2078 Fiastro
291 2051 414 2078 nunc.
440 2037 698 2090 provisiones
733 2035 952 2077 nonnullas
973 2034 1258 2089 praescribere
1286 2034 1490 2087 intendat,
1511 2048 1672 2088 posses-

92 2109 251 2149 sionem
274 2108 343 2150 dd.
366 2108 568 2150 bonorum
590 2107 895 2162 apprehendat,
920 2111 962 2148 et
983 2107 1156 2148 clericos
1176 2106 1386 2159 regulares
1407 2106 1447 2148 d.
1481 2106 1521 2148 S.
1555 2121 1669 2148 amo-

90 2182 198 2220 veat.
223 2178 413 2220 Civitatis
434 2178 618 2232 praesidi
638 2179 845 2232 praecipit
866 2182 911 2218 ut
931 2177 1130 2218 mandata
1150 2177 1324 2230 exsequi
1345 2181 1476 2218 curet.

86 2244 129 2279 R.
151 2255 208 2288 ap.
228 2245 264 2279 S.
284 2245 333 2279 M.
353 2246 404 2280 M.
423 2246 527 2280 XXV
545 2245 624 2280 Iun.
648 2248 729 2280 1773
746 2245 788 2279 P.
807 2256 865 2277 an.
886 2244 928 2277 V.

81 2352 180 2387 Buce.
199 2354 304 2389 Rom.

164 2463 234 2506 14.
271 2461 318 2503 A.
359 2461 406 2503 P.
444 2461 493 2503 R.
532 2461 591 2502 M.
633 2468 852 2504 Dominus
886 2475 939 2503 ac
976 2462 1263 2515 Redemptor.
1305 2483 1330 2489 -
1368 2456 1499 2499 Clem.
1543 2457 1658 2510 XIV,

80 2533 313 2574 ministerio
335 2533 451 2586 pacis
479 2532 558 2572 sibi
578 2539 666 2573 tam
702 2531 754 2572 ad
776 2529 1074 2572 destruendum
1105 2543 1231 2583 quam
1267 2528 1319 2570 ad
1353 2528 1658 2570 aedificandum

78 2604 317 2656 commisso,
339 2603 581 2656 exemplum
618 2616 794 2656 sequens
828 2601 1064 2643 Innocentii
1099 2600 1178 2650 III,
1203 2600 1327 2653 Greg.
1363 2599 1417 2653 X,
1447 2600 1577 2642 Clem.
1603 2600 1654 2652 V,

80 2673 144 2715 Pii
163 2673 216 2726 V,
239 2673 343 2716 Urb.
368 2673 488 2726 VIII,
512 2673 605 2715 Inn.
630 2673 684 2724 X,
709 2674 840 2716 Clem.
865 2672 941 2725 IX,
965 2674 1034 2726 qui
1069 2672 1236 2713 ordines
1256 2671 1466 2724 regulares
1494 2671 1654 2724 legibus

82 2744 375 2796 cohibuerunt,
398 2746 480 2787 imo
516 2745 677 2799 aliquot
697 2749 1032 2798 suppresserunt,
1054 2743 1226 2784 attentis
1259 2742 1343 2784 fine
1373 2742 1413 2784 S.
1437 2742 1471 2784 Ι.
1496 2749 1539 2783 et
1558 2756 1655 2783 con-

81 2815 371 2856 stitutionibus
407 2814 476 2857 SS.
500 2815 750 2856 Pontificum
784 2816 825 2855 in
858 2816 948 2856 eius
978 2828 1104 2855 causa
1137 2814 1337 2867 novisque
1371 2812 1653 2854 confirmatio-

76 2885 216 2938 nibus,
242 2899 403 2927 necnon
440 2886 777 2927 contentionibus
799 2898 902 2939 quas
935 2885 1113 2925 sustinet
1133 2897 1159 2924 a
1193 2889 1372 2937 quatuor
1392 2882 1556 2935 regibus
1578 2883 1650 2936 qui

76 2969 170 2996 eam
194 2955 447 3009 expulerunt
467 2960 509 2996 et
544 2955 702 3009 ubique
723 2955 928 3009 supprimi
961 2956 1151 3008 cupiunt,
1173 2953 1358 2994 muneris
1380 2953 1444 2994 sui
1474 2954 1651 2994 necessi-

74 3030 161 3068 tate
183 3027 422 3082 compulsus
438 3031 480 3067 et
495 3027 612 3082 pacis
633 3040 761 3068 causa
780 3025 820 3068 d.
841 3025 1089 3067 Societatem
1106 3024 1334 3077 exstinguit
1348 3028 1391 3065 et
1410 3021 1648 3078 supprimit,
