1989 3252
262 156 440 200 Urban.
463 155 593 199 VIII.
939 179 994 184 -—
1023 156 1104 195 314
1131 180 1186 186 —
1721 158 1850 202 1625.

346 244 420 288 34.
455 245 586 286 Alz‘as
615 257 642 286 a
672 246 802 287 nobis
829 248 1124 287 emanarunt.
1144 242 1473 295 -Urban.VIII‚
1491 242 1616 284 breve
1639 242 1855 285 beatifica-

265 314 391 355 tionis
422 313 635 355 Francisci
671 313 848 367 Borgiae
872 315 932 366 (11.
956 316 1028 367 26)
1049 315 1199 366 citans,
1217 315 1409 356 extendit
1437 314 1648 356 indultum
1678 329 1753 368 pro
1782 314 1852 357 off.

264 390 307 425 et
343 385 473 426 missa
506 385 560 426 ad
600 385 741 438 presb.
785 385 1027 427 saeculares
1066 389 1109 427 et
1147 386 1359 439 regulares
1397 386 1600 428 adeuntes
1638 386 1782 428 domos
1816 391 1859 428 et

264 456 366 497 eccl.
390 453 431 497 S.
456 455 490 497 I.

262 521 313 557 XI
332 521 431 564 Sept.
453 524 549 556 1625.

262 631 364 666 Ball.
385 632 492 667 Rom.
1589 632 1743 667 Elench.
1764 633 1854 667 bull.

348 743 419 786 35.
455 748 528 785 Ea·
556 743 707 785 debito
734 745 988 797 pastoralis
1015 745 1168 798 officii.
1206 767 1232 773 -
1266 741 1428 783 Urban.
1466 741 1586 794 VIII,
1618 742 1859 795 petentibus

266 811 447 853 Martino
468 811 714 853 Cracovien.
738 817 832 853 tum
865 812 1034 854 Plocen.
1058 817 1101 854 et
1130 812 1313 855 Henrico
1335 813 1535 855 moderno
1556 813 1724 856 Plocen.
1749 814 1858 867 epis-

264 884 380 936 copis
395 917 404 933 ‚
427 883 614 937 capitulo
635 887 677 924 et
697 884 908 925 canonicis
939 885 1041 926 eccl.
1065 884 1233 926 Plocen.
1259 889 1302 926 et
1323 884 1612 938 collegialibus
1634 884 1715 925 coll
1755 884 1797 926 S.
1821 884 1856 926 I.

265 955 455 1007 Plocen.,
493 969 601 996 anno
640 956 744 996 1616
781 956 910 997 erecti
954 970 992 998 a.
1015 956 1056 998 d.
1095 956 1293 1008 Martin0‚
1331 955 1504 997 mandat
1543 969 1617 997 suo
1652 956 1696 996 in
1735 969 1860 1009 regno

265 1026 465 1068 Poloniae
500 1026 661 1068 Nuntio
690 1031 738 1067 ut
774 1026 995 1069 confirmet
1015 1028 1283 1069 donationem
1316 1027 1340 1068 d
1380 1027 1476 1068 coll.
1501 1027 1658 1068 factam
1680 1026 1861 1069 decima-

266 1112 360 1140 rum
383 1099 425 1138 in
447 1097 548 1139 villa
571 1097 794 1139 Lutobrok
816 1098 1073 1149 Pultovien.‚
1092 1098 1133 1138 in
1150 1097 1261 1138 villis
1279 1098 1493 1151 Kupistin.
1513 1104 1555 1140 et
1571 1098 1858 1151 Konarsycen.

272 1169 489 1211 districtus
505 1169 700 1211 Lovizen.
719 1174 761 1211 et
781 1170 823 1210 in
840 1169 950 1210 villis
968 1168 1222 1210 Czarniczim
1241 1175 1284 1211 et
1301 1170 1537 1211 Czervuone
1554 1169 1671 1211 distr.
1685 1168 1860 1212 Colnen.

272 1241 325 1282 ad
360 1255 548 1283 mensam
584 1241 868 1295 episcopalem
904 1240 1211 1294 spectantibus,
1248 1245 1292 1282 et
1327 1241 1594 1283 concordiam
1629 1255 1754 1295 super
1789 1241 1862 1284 lite

271 1313 454 1367 quadam
475 1314 625 1354 initam
647 1312 883 1355 confirmet.

269 1380 311 1414 R.
331 1391 388 1422 ap.
410 1380 446 1414 s.
470 1380 518 1414 M.
540 1381 586 1412 M.
608 1379 695 1414 XIV
713 1379 788 1415 kal.
809 1379 886 1414 Oct.
912 1381 994 1415 1625
1012 1380 1055 1415 P.
1073 1391 1132 1413 an.
1152 1380 1215 1415 111.

1463 1489 1552 1532 Refs.
1573 1490 1662 1523 hall.
1691 1490 1730 1526 V.
1749 1493 1813 1526 222
1831 1491 1864 1524 b.

352 1609 424 1653 36.
460 1609 531 1650 Ad
551 1610 815 1663 (cumunilam
836 1609 1059 1660 fidelium.
1080 1630 1105 1636 -
1121 1604 1283 1646 Urban.
1303 1604 1407 1646 VIII
1428 1619 1502 1659 pro
1521 1607 1708 1647 oratione
1724 1608 1777 1648 40
1794 1606 1866 1648 ho-

270 1692 412 1719 rarum
449 1679 492 1718 in
526 1677 628 1719 eccl.
654 1677 695 1719 S.
720 1677 755 1718 I.
781 1677 1086 1730 indulgentiam
1117 1677 1351 1731 plenariam
1384 1677 1468 1730 (Cf.
1493 1676 1615 1718 Pauli
1645 1677 1677 1717 V
1700 1692 1740 1719 n.
1765 1679 1864 1731 212)

272 1749 479 1791 concedit.
504 1748 568 1789 Ad
589 1749 871 1802 septennium.

270 1816 312 1850 R.
333 1827 391 1858 ap.
413 1815 449 1849 S.
472 1815 519 1849 M.
539 1816 588 1850 M.
611 1815 646 1850 X
665 1815 742 1850 Oct.
765 1817 849 1850 1625
868 1815 907 1849 P.
928 1826 974 1849 an
1006 1815 1067 1850 111.

1494 1925 1584 1968 Req.
1607 1924 1695 1958 buu.
1727 1925 1763 1959 V.
1785 1927 1858 1959 192.

352 2050 421 2093 37.
456 2054 691 2091 Romanus
726 2049 958 2102 Pontifeoe.
982 2072 1008 2078 -
1030 2046 1192 2088 Urban.
1218 2046 1320 2088 VIII
1350 2046 1517 2088 officiali
1548 2045 1712 2100 Sagien.
1751 2061 1869 2088 man-

277 2118 358 2160 dat
378 2124 441 2171 ut,
461 2118 628 2160 reiectis
649 2117 844 2159 omnibus
861 2108 1275 2171 interpellationibus
1292 2123 1335 2159 et
1351 2118 1727 2172 praetentionibus,
1744 2118 1870 2160 colle-

274 2191 388 2243 gium
428 2192 469 2231 S.
513 2189 547 2231 I.
582 2190 625 2230 in
661 2189 764 2230 urbe
795 2187 1047 2230 Cadomensi
1082 2189 1279 2230 Baiocen.
1319 2189 1451 2230 dioec.
1489 2190 1531 2230 in
1565 2190 1870 2242 possessionem

276 2261 447 2303 inducat
467 2260 683 2314 cappellae
705 2274 777 2301 seu
799 2261 1009 2313 prioratus
1032 2260 1078 2301 Β.
1100 2259 1237 2302 Maria
1253 2260 1304 2302 de
1325 2260 1528 2302 Cocheria
1549 2260 1712 2313 Sagien.
1733 2260 1864 2302 dioec.

277 2333 349 2387 qui
370 2346 396 2373 a
415 2333 604 2386 prioratu
627 2332 666 2373 S.
692 2331 906 2373 Barbarae
928 2333 971 2373 in
993 2332 1115 2385 Algia
1135 2331 1358 2385 dependet.

277 2398 440 2439 Tusculi,
461 2399 513 2433 XI
530 2398 604 2433 kal.
626 2398 712 2432 Nov.
746 2401 826 2433 1625
845 2398 885 2432 P.
906 2410 964 2433 an.
985 2398 1048 2433 ΙΙΙ.

1280 2507 1404 2540 Fzmd.
1422 2518 1526 2550 prov.
1545 2507 1684 2541 Franc.
1708 2507 1872 2542 Cadomi.

364 2632 436 2674 38.
471 2637 656 2686 Expone?
683 2633 812 2673 nobis
841 2645 1005 2685 nuper.
1043 2654 1068 2658 -
1104 2627 1265 2669 Urban.
1305 2627 1425 2679 VIII,
1449 2628 1688 2681 petentibus
1724 2626 1874 2670 Carolo

282 2700 420 2742 Emm.
447 2700 685 2742 Sabaudiae
707 2700 810 2742 duce
847 2705 889 2741 et
909 2699 1229 2741 Pedemontium
1263 2700 1452 2753 principe
1475 2704 1517 2741 et
1539 2704 1698 2741 rectore
1719 2703 1763 2741 et
1791 2700 1873 2741 001-

282 2771 504 2824 legialibus
544 2771 638 2813 coll.
681 2771 721 2813 S.
765 2771 800 2812 Ι.
844 2771 1091 2822 Taurinen.,
1142 2770 1315 2812 mandat
1360 2770 1674 2824 archiepiscopo
1725 2770 1872 2812 Tauri-

282 2857 376 2884 nen.
421 2847 468 2884 ut
505 2848 804 2885 testamentum
854 2842 1070 2884 Guillelmi
1120 2842 1369 2883 Baldassani
1422 2855 1570 2883 canon.
1625 2842 1873 2896 theologalis

282 2914 385 2955 eccl.
444 2914 671 2955 Taurinen.
725 2913 998 2967 Gai-magnole
1039 2913 1078 2954 d.
1123 2912 1255 2954 dioec.
1298 2913 1480 2964 oriundi,
1523 2926 1604 2966 quo
1653 2911 1763 2953 bona
1797 2926 1874 2954 sua

285 2984 482 3037 collegio.
503 2986 547 3026 in
582 2984 622 3031 d.
667 2999 764 3038 opp.
809 2983 1084 3037 Carmagnole
1127 2982 1323 3036 erigendo
1363 2997 1473 3024 anno
1521 2984 1625 3025 1583
1671 2982 1871 3044 donabat8
