1989 3252
262 211 398 256 Alex.
423 211 528 255 VII.
934 235 989 240 —
1020 213 1099 253 366
1128 237 1183 243 -
1723 213 1855 258 1655.

349 299 389 341 8.
425 303 612 353 Empom'
630 302 760 342 nobis
779 314 942 356 nuper.
964 324 988 328 —
1007 299 1126 340 Alex.
1146 298 1243 352 VII,
1258 302 1428 354 petente
1444 303 1545 341 rect.
1565 298 1660 340 coll.
1680 298 1852 342 Adrien.

266 366 308 409 S.
331 367 366 409 Ι.
392 368 563 410 mandat
584 369 778 423 episcopo
801 369 972 412 Adrien.
998 374 1041 412 et
1061 371 1290 413 archidiac.
1315 370 1419 413 eccl.
1445 370 1615 412 Adrien.
1640 375 1687 412 ut
1707 370 1857 412 confir-

265 442 384 480 ment
403 441 732 482 transactionem
754 455 880 495 super
900 441 1018 483 redd.
1042 456 1180 484 annuo
1201 442 1281 484 775
1303 442 1398 484 duc.
1421 455 1532 483 anno
1555 442 1661 483 1627
1682 455 1708 483 a
1727 441 1853 484 Bern.

266 513 309 551 et
338 509 523 551 Honorio
553 510 605 552 de
636 511 769 553 Ponte
800 512 898 553 cler.
932 526 1020 566 reg.
1053 512 1094 554 S.
1127 513 1163 555 I.
1195 512 1350 554 donato
1379 517 1422 554 et
1441 526 1466 553 a
1491 513 1794 554 communitate
1814 516 1857 554 et

264 581 507 623 hominibus
529 583 610 624 civ,
635 583 908 625 Triventinae
929 583 1069 625 debito
1092 588 1134 625 et
1154 583 1208 626 ad
1228 598 1326 626 ann.
1353 585 1458 626 1627
1481 587 1654 637 exact03
1686 583 1739 625 ad
1758 582 1855 625 lites

264 652 472 694 finiendas
503 653 541 694 d.
567 655 847 695 communitas
878 654 1081 696 decennio
1111 657 1219 697 3000
1240 654 1335 696 duc.
1360 654 1521 696 solvere
1541 659 1690 707 parata
1709 658 1789 706 est,
1812 658 1856 695 et

263 724 364 765 baro
394 724 434 766 d.
473 725 551 766 civ,
576 725 611 765 si
652 726 730 767 hoc
761 725 968 767 creditum
999 726 1079 767 sibi
1109 727 1299 779 cedatur,
1334 727 1439 769 1500
1470 725 1566 768 duc.
1600 725 1639 767 d.
1678 725 1854 779 collegio

262 799 478 848 praestare
498 802 672 850 paratus
693 802 769 838 est.

262 861 306 897 R.
327 872 384 904 ap.
407 861 442 896 S.
463 863 514 897 M.
535 863 580 897 M.
599 864 649 899 ΙΙΙ
667 864 758 898 Nov.
780 866 865 899 1655
882 864 988 899 Ran.
1006 864 1033 899 I.

1441 936 1527 979 Ray.
1547 936 1635 970 buu
1660 935 1722 970 VJ.
1742 937 1805 970 129
1820 935 1856 969 b.

345 1047 387 1089 9.
422 1044 654 1086 Alexandri
678 1045 758 1087 VII
779 1046 994 1087 decretum
1016 1046 1056 1087 d.
1081 1048 1132 1087 29
1155 1045 1246 1088 Oct.
1281 1045 1373 1097 (cfr.
1398 1060 1440 1087 n.
1464 1046 1507 1099 7)
1528 1045 1771 1087 extenditur
1803 1044 1856 1086 ad

262 1116 497 1157 orationem
531 1130 639 1170 quae
669 1117 851 1158 habetur
870 1118 913 1158 in
949 1117 1119 1159 laudem
1153 1117 1344 1171 Gregorii
1377 1116 1496 1168 XIII,
1532 1121 1575 1159 et
1606 1115 1655 1158 B.
1693 1116 1857 1169 Aloysii

267 1185 379 1229 Gonz
385 1201 501 1240 agae.

266 1256 305 1288 14
321 1254 414 1288 Nov.
436 1256 533 1290 1655.
1591 1299 1744 1333 Eleum,
1765 1297 1855 1332 bule.

342 1410 415 1453 10.
451 1408 687 1450 Alexandri
711 1409 792 1451 VII
822 1410 1036 1453 concessio
1067 1409 1353 1463 indulgentiae
1374 1423 1448 1464 pro
1478 1414 1585 1451 orat.
1616 1410 1669 1451 40
1699 1409 1790 1450 hor.
1814 1408 1858 1449 in

266 1479 542 1533 carnisprivio
564 1481 671 1534 (Cfr.
698 1481 861 1523 Urban.
888 1481 1007 1534 VIII,
1033 1482 1146 1535 183).

264 1548 303 1581 17
325 1546 417 1579 Nov.
439 1549 535 1582 1655.

1584 1630 1738 1664 Elench.
1755 1630 1843 1663 bull.

342 1742 406 1784 11.
440 1738 682 1782 Facultates
705 1754 929 1782 concessae
951 1755 977 1782 a
998 1740 1040 1783 S.
1065 1740 1115 1782 D.
1139 1739 1192 1782 N.
1217 1740 1338 1782 Alex.
1365 1740 1445 1783 ΡΡ.
1479 1738 1561 1781 VII
1590 1740 1637 1782 P.
1670 1739 1854 1781 Martino

259 1810 310 1852 de
333 1810 529 1852 Martinis
545 1811 585 1853 S.
610 1811 641 1852 Ι.
662 1812 928 1853 missionario
951 1812 1076 1854 Sinae
1099 1813 1142 1853 in
1163 1811 1256 1854 Ind.
1276 1811 1576 1854 Orientalibus.
1596 1837 1622 1842 -
1643 1811 1691 1852 In
1712 1825 1854 1864 congr.

258 1895 354 1936 gen.
379 1882 419 1924 S.
445 1882 496 1924 R.
521 1888 564 1924 et
583 1882 637 1925 U.
661 1883 757 1938 Inq.
776 1883 923 1926 habita
944 1884 988 1925 in
1008 1884 1093 1938 pal.
1118 1889 1253 1937 apost.
1279 1883 1435 1925 Montis
1455 1883 1684 1933 Quirinalis
1705 1881 1774 1925 SS.
1799 1882 1850 1925 D.

260 1953 297 1994 N
394 1955 653 1997 concessit...
677 1955 730 1996 ad
747 1969 879 1997 annos
902 1958 966 1998 15.
987 1981 1013 1986 —
1028 1954 1062 1997 F
1096 1955 1218 1998 Card.
1239 1955 1495 1997 Barberinus
1510 1955 1570 1997 Io.
1590 1954 1734 2009 Lupus
1750 1953 1849 1997 Not.

260 2020 287 2054 f.
311 2019 352 2054 V.
370 2020 405 2054 d.
427 2020 550 2056 XVIII
567 2021 656 2055 Nov.
682 2023 776 2056 1655.

1433 2104 1522 2148 Ray.
1542 2103 1631 2140 bun.
1659 2103 1716 2138 vt.
1739 2105 1800 2139 130
1817 2103 1852 2137 b.

342 2215 412 2259 12.
447 2213 497 2254 A.
521 2213 568 2255 F.
593 2214 643 2256 R.
669 2213 728 2256 M.
751 2222 823 2259 Ex
844 2218 992 2259 debito
1008 2219 1277 2271 pastoralis.
1299 2240 1325 2246 -
1355 2214 1479 2256 Alex.
1503 2212 1600 2267 VII,
1624 2213 1852 2255 accedente

257 2298 461 2326 consensu
479 2284 667 2338 Gregorii
689 2300 814 2339 quem
836 2300 861 2327 a
882 2286 981 2328 sede
996 2286 1235 2328 Gerunden.
1257 2285 1311 2327 ad
1326 2285 1550 2328 Dertusen.
1577 2284 1850 2326 translatione

255 2355 315 2396 Io.
341 2355 451 2409 Bapt
489 2356 542 2397 ad
562 2356 784 2399 Pnteolan.
810 2362 1030 2399 vacantem
1053 2358 1284 2407 transtulit,
1306 2357 1483 2410 collegio
1505 2356 1545 2398 S.
1571 2356 1590 2397 I
1623 2355 1844 2397 Dertusen.

255 2432 442 2469 reservat
461 2428 514 2469 ad
535 2428 783 2470 decennium
804 2430 1050 2482 pensionem
1072 2431 1179 2471 3300
1209 2428 1413 2482 regalium
1445 2442 1556 2469 mon.
1581 2427 1702 2481 Hisp.
1726 2440 1850 2480 super

256 2497 481 2540 Dertusen.
505 2513 676 2541 mensae
697 2500 951 2554 episcopalis
970 2500 1191 2542 fructibus.

257 2564 299 2599 R.
319 2576 376 2608 ap.
395 2565 431 2599 S.
454 2568 492 2599 Ρ.
513 2566 563 2602 ΠΙ
580 2566 654 2601 kal.
678 2567 762 2602 Dec.
786 2570 867 2603 1655
889 2567 930 2602 Ρ.
951 2579 1009 2601 an.
1029 2568 1055 2603 I.

1430 2648 1517 2690 Rey.
1538 2648 1626 2681 bula.
1654 2646 1712 2680 VI.
1734 2648 1796 2682 138
1812 2645 1846 2679 b.

340 2760 408 2805 13.
445 2762 589 2802 Hodie.
607 2763 795 2803 dilectis.
833 2785 859 2790 -
881 2760 1001 2800 Alex.
1027 2758 1109 2800 VII
1130 2759 1364 2800 litterarum
1387 2770 1505 2798 exec.
1530 2755 1695 2797 Iuliano
1715 2755 1846 2805 Ama-¹

254 2828 332 2869 deo
353 2829 395 2869 in
413 2832 496 2869 utr.
516 2830 623 2882 sign.
643 2830 928 2872 referendario
944 2838 989 2871 et
1002 2831 1082 2871 vic.
1103 2844 1196 2883 gen.
1218 2829 1512 2882 episcoporum
1535 2826 1843 2868 Barchinonen.

252 2903 295 2940 et
315 2898 460 2941 Vicen.
487 2901 729 2942 committit.

251 2965 294 3001 R.
315 2977 372 3009 ap.
395 2965 432 3000 S.
452 2965 493 3000 P.
519 2966 566 3002 ΙΙΙ
583 2966 656 3000 kal.
678 2968 761 3003 Dec.
784 2970 868 3003 1655
887 2967 914 3003 Ρ
946 2978 1005 3001 an.
1023 2968 1051 3004 I.

1463 3047 1550 3092 Req.
1571 3045 1661 3080 bull.
1689 3045 1746 3081 VI·
1768 3047 1842 3080 140.
