<?xml version="1.0" encoding="UTF-8"?>
<!DOCTYPE html PUBLIC "-//W3C//DTD XHTML 1.0 Transitional//EN"
    "http://www.w3.org/TR/xhtml1/DTD/xhtml1-transitional.dtd">
<html xmlns="http://www.w3.org/1999/xhtml" xml:lang="en" lang="en">
 <head>
  <title>
</title>
<meta http-equiv="Content-Type" content="text/html;charset=utf-8" />
  <meta name='ocr-system' content='tesseract 3.04.00' />
  <meta name='ocr-capabilities' content='ocr_page ocr_carea ocr_par ocr_line ocrx_word'/>
</head>
<body>
  <div class='ocr_page' id='page_1' title='image "./synopsisactorums02delp_0174.png"; bbox 0 0 1989 3252; ppageno 0'>
   <div class='ocr_carea' id='block_1_1' title="bbox 781 438 1500 517">
    <p class='ocr_par' dir='ltr' id='par_1_1' title="bbox 781 438 1500 517">
     <span class='ocr_line' id='line_1_1' title="bbox 781 438 1500 517; baseline 0.007 -6"><span class='ocrx_word' id='word_1_1' title='bbox 781 438 1362 515; x_wconf 75' lang='lat' dir='ltr'>CLEMENTIS</span> <span class='ocrx_word' id='word_1_2' title='bbox 1409 443 1500 517; x_wconf 90' lang='lat' dir='ltr'>X.</span> 
     </span>
    </p>
   </div>
   <div class='ocr_carea' id='block_1_2' title="bbox 338 672 1945 1103">
    <p class='ocr_par' dir='ltr' id='par_1_2' title="bbox 338 672 1942 773">
     <span class='ocr_line' id='line_1_2' title="bbox 338 672 1942 720; baseline 0.004 -14"><span class='ocrx_word' id='word_1_3' title='bbox 338 672 504 706; x_wconf 82' lang='lat' dir='ltr'>Clemens</span> <span class='ocrx_word' id='word_1_4' title='bbox 539 672 583 714; x_wconf 87' lang='lat' dir='ltr'>X,</span> <span class='ocrx_word' id='word_1_5' title='bbox 615 672 813 714; x_wconf 83' lang='lat' dir='ltr'>Romanus,</span> <span class='ocrx_word' id='word_1_6' title='bbox 846 674 1024 708; x_wconf 83' lang='lat' dir='ltr'><strong>Aemilius</strong></span> <span class='ocrx_word' id='word_1_7' title='bbox 1053 675 1095 709; x_wconf 92' lang='lat' dir='ltr'>de</span> <span class='ocrx_word' id='word_1_8' title='bbox 1127 675 1286 716; x_wconf 81' lang='lat' dir='ltr'>Alteriis,</span> <span class='ocrx_word' id='word_1_9' title='bbox 1319 676 1510 720; x_wconf 89' lang='lat' dir='ltr'>episcopus</span> <span class='ocrx_word' id='word_1_10' title='bbox 1544 678 1773 719; x_wconf 78' lang='lat' dir='ltr'>Camerinus,</span> <span class='ocrx_word' id='word_1_11' title='bbox 1799 684 1942 715; x_wconf 86' lang='lat' dir='ltr'>creatus</span> 
     </span>
     <span class='ocr_line' id='line_1_3' title="bbox 405 728 1582 773; baseline 0.004 -12"><span class='ocrx_word' id='word_1_12' title='bbox 405 728 528 762; x_wconf 87' lang='lat' dir='ltr'>XXIX</span> <span class='ocrx_word' id='word_1_13' title='bbox 547 729 651 771; x_wconf 89' lang='lat' dir='ltr'>Apr.‚</span> <span class='ocrx_word' id='word_1_14' title='bbox 671 734 866 763; x_wconf 77' lang='lat' dir='ltr'>coronatus</span> <span class='ocrx_word' id='word_1_15' title='bbox 884 729 933 763; x_wconf 91' lang='lat' dir='ltr'>Xl</span> <span class='ocrx_word' id='word_1_16' title='bbox 954 730 1042 763; x_wconf 89' lang='lat' dir='ltr'>Maii</span> <span class='ocrx_word' id='word_1_17' title='bbox 1062 733 1159 773; x_wconf 84' lang='grc'>1670,</span> <span class='ocrx_word' id='word_1_18' title='bbox 1179 731 1268 765; x_wconf 81' lang='lat' dir='ltr'>obiit</span> <span class='ocrx_word' id='word_1_19' title='bbox 1286 732 1375 766; x_wconf 85' lang='lat' dir='ltr'>XXI</span> <span class='ocrx_word' id='word_1_20' title='bbox 1394 732 1458 766; x_wconf 88' lang='lat' dir='ltr'>Iul.</span> <span class='ocrx_word' id='word_1_21' title='bbox 1484 735 1582 768; x_wconf 84' lang='grc'>1676.</span> 
     </span>
    </p>

    <p class='ocr_par' dir='ltr' id='par_1_3' title="bbox 338 782 1945 1103">
     <span class='ocr_line' id='line_1_4' title="bbox 338 782 1945 831; baseline 0.005 -15"><span class='ocrx_word' id='word_1_22' title='bbox 338 782 533 816; x_wconf 79' lang='lat' dir='ltr'>Sacrorum</span> <span class='ocrx_word' id='word_1_23' title='bbox 552 782 690 816; x_wconf 83' lang='lat' dir='ltr'>rituum</span> <span class='ocrx_word' id='word_1_24' title='bbox 707 789 817 824; x_wconf 84' lang='lat' dir='ltr'>atque</span> <span class='ocrx_word' id='word_1_25' title='bbox 835 783 1153 827; x_wconf 77' lang='lat' dir='ltr'>indulgentiarum</span> <span class='ocrx_word' id='word_1_26' title='bbox 1166 786 1518 830; x_wconf 80' lang='lat' dir='ltr'>congregationibus</span> <span class='ocrx_word' id='word_1_27' title='bbox 1537 787 1579 820; x_wconf 89' lang='lat' dir='ltr'>P.</span> <span class='ocrx_word' id='word_1_28' title='bbox 1598 788 1864 831; x_wconf 86' lang='lat' dir='ltr'>Hieronymum</span> <span class='ocrx_word' id='word_1_29' title='bbox 1882 790 1945 824; x_wconf 85' lang='lat' dir='ltr'>Ca-</span> 
     </span>
     <span class='ocr_line' id='line_1_5' title="bbox 403 837 1942 879; baseline 0.005 -8"><span class='ocrx_word' id='word_1_30' title='bbox 403 842 552 872; x_wconf 80' lang='lat' dir='ltr'>taneum</span> <span class='ocrx_word' id='word_1_31' title='bbox 567 837 667 872; x_wconf 83' lang='lat' dir='ltr'>dedit</span> <span class='ocrx_word' id='word_1_32' title='bbox 684 839 939 874; x_wconf 86' lang='lat' dir='ltr'>consultorem.</span> <span class='ocrx_word' id='word_1_33' title='bbox 961 842 1002 874; x_wconf 74' lang='lat'>22</span> <span class='ocrx_word' id='word_1_34' title='bbox 1020 840 1203 875; x_wconf 78' lang='lat' dir='ltr'>decembri</span> <span class='ocrx_word' id='word_1_35' title='bbox 1221 843 1305 876; x_wconf 82' lang='lat'>1671</span> <span class='ocrx_word' id='word_1_36' title='bbox 1330 842 1453 876; x_wconf 76' lang='lat' dir='ltr'>oblata</span> <span class='ocrx_word' id='word_1_37' title='bbox 1477 842 1547 877; x_wconf 85' lang='lat' dir='ltr'>sibi</span> <span class='ocrx_word' id='word_1_38' title='bbox 1573 843 1614 877; x_wconf 92' lang='grc' dir='ltr'>Ρ.</span> <span class='ocrx_word' id='word_1_39' title='bbox 1641 844 1787 878; x_wconf 88' lang='lat' dir='ltr'>loannis</span> <span class='ocrx_word' id='word_1_40' title='bbox 1811 845 1942 879; x_wconf 89' lang='lat' dir='ltr'>Adami</span> 
     </span>
     <span class='ocr_line' id='line_1_6' title="bbox 403 892 1943 942; baseline 0.005 -16"><span class='ocrx_word' id='word_1_41' title='bbox 403 892 527 927; x_wconf 86' lang='lat' dir='ltr'>Schall</span> <span class='ocrx_word' id='word_1_42' title='bbox 556 893 834 934; x_wconf 87' lang='lat' dir='ltr'>quatuordecim</span> <span class='ocrx_word' id='word_1_43' title='bbox 861 895 1048 929; x_wconf 88' lang='lat' dir='ltr'>volumina</span> <span class='ocrx_word' id='word_1_44' title='bbox 1078 895 1201 930; x_wconf 87' lang='lat' dir='ltr'>sinicis</span> <span class='ocrx_word' id='word_1_45' title='bbox 1229 896 1363 930; x_wconf 83' lang='lat' dir='ltr'>litteris</span> <span class='ocrx_word' id='word_1_46' title='bbox 1392 897 1599 940; x_wconf 85' lang='lat' dir='ltr'>conscripta</span> <span class='ocrx_word' id='word_1_47' title='bbox 1624 898 1753 942; x_wconf 90' lang='lat' dir='ltr'>reponi</span> <span class='ocrx_word' id='word_1_48' title='bbox 1778 899 1881 934; x_wconf 88' lang='lat' dir='ltr'>iussit</span> <span class='ocrx_word' id='word_1_49' title='bbox 1904 899 1943 934; x_wconf 89' lang='lat' dir='ltr'>in</span> 
     </span>
     <span class='ocr_line' id='line_1_7' title="bbox 402 947 1943 995; baseline 0.004 -14"><span class='ocrx_word' id='word_1_50' title='bbox 402 947 628 982; x_wconf 80' lang='lat' dir='ltr'>bibliotheca</span> <span class='ocrx_word' id='word_1_51' title='bbox 655 948 845 983; x_wconf 82' lang='lat' dir='ltr'>Vaticana.</span> <span class='ocrx_word' id='word_1_52' title='bbox 876 949 914 981; x_wconf 80' lang='lat' dir='ltr'>P.</span> <span class='ocrx_word' id='word_1_53' title='bbox 940 949 1115 984; x_wconf 84' lang='lat' dir='ltr'>Ioannem</span> <span class='ocrx_word' id='word_1_54' title='bbox 1137 950 1295 985; x_wconf 87' lang='lat' dir='ltr'>Paulum</span> <span class='ocrx_word' id='word_1_55' title='bbox 1321 951 1426 986; x_wconf 83' lang='lat' dir='ltr'>Oliva</span> <span class='ocrx_word' id='word_1_56' title='bbox 1453 952 1709 995; x_wconf 87' lang='lat' dir='ltr'>Praepositum</span> <span class='ocrx_word' id='word_1_57' title='bbox 1727 953 1943 988; x_wconf 72' lang='lat' dir='ltr'>Gener-alem</span> 
     </span>
     <span class='ocr_line' id='line_1_8' title="bbox 402 1002 1943 1048; baseline 0.005 -12"><span class='ocrx_word' id='word_1_58' title='bbox 402 1002 437 1036; x_wconf 85' lang='lat' dir='ltr'>S.</span> <span class='ocrx_word' id='word_1_59' title='bbox 472 1003 516 1044; x_wconf 73' lang='lat' dir='ltr'>I..</span> <span class='ocrx_word' id='word_1_60' title='bbox 550 1013 659 1045; x_wconf 91' lang='lat' dir='ltr'>quem</span> <span class='ocrx_word' id='word_1_61' title='bbox 690 1003 984 1046; x_wconf 71' lang='lat' dir='ltr'>praedecessores</span> <span class='ocrx_word' id='word_1_62' title='bbox 1016 1005 1226 1040; x_wconf 85' lang='lat' dir='ltr'>Alexander</span> <span class='ocrx_word' id='word_1_63' title='bbox 1257 1007 1334 1048; x_wconf 92' lang='lat' dir='ltr'>VII,</span> <span class='ocrx_word' id='word_1_64' title='bbox 1363 1012 1397 1041; x_wconf 85' lang='lat' dir='ltr'>et</span> <span class='ocrx_word' id='word_1_65' title='bbox 1436 1008 1607 1042; x_wconf 84' lang='lat' dir='ltr'>Clemens</span> <span class='ocrx_word' id='word_1_66' title='bbox 1630 1008 1683 1044; x_wconf 89' lang='lat' dir='ltr'>IX</span> <span class='ocrx_word' id='word_1_67' title='bbox 1715 1008 1783 1042; x_wconf 86' lang='lat' dir='ltr'>sibi</span> <span class='ocrx_word' id='word_1_68' title='bbox 1818 1009 1943 1044; x_wconf 85' lang='lat' dir='ltr'>adesse</span> 
     </span>
     <span class='ocr_line' id='line_1_9' title="bbox 403 1057 1491 1103; baseline 0.006 -12"><span class='ocrx_word' id='word_1_69' title='bbox 403 1057 645 1093; x_wconf 86' lang='lat' dir='ltr'>morientibus</span> <span class='ocrx_word' id='word_1_70' title='bbox 663 1059 865 1099; x_wconf 81' lang='lat' dir='ltr'>voluerant,</span> <span class='ocrx_word' id='word_1_71' title='bbox 886 1063 921 1095; x_wconf 86' lang='lat' dir='ltr'>et</span> <span class='ocrx_word' id='word_1_72' title='bbox 938 1060 1013 1103; x_wconf 89' lang='lat' dir='ltr'>ipse</span> <span class='ocrx_word' id='word_1_73' title='bbox 1030 1061 1223 1096; x_wconf 85' lang='lat' dir='ltr'>accersivit</span> <span class='ocrx_word' id='word_1_74' title='bbox 1239 1062 1491 1098; x_wconf 86' lang='lat' dir='ltr'>moribundus.</span> 
     </span>
    </p>
   </div>
   <div class='ocr_carea' id='block_1_3' title="bbox 976 1199 1270 1205">
    <p class='ocr_par' dir='ltr' id='par_1_4' title="bbox 976 1199 1270 1205">
     <span class='ocr_line' id='line_1_10' title="bbox 976 1199 1270 1205; baseline 0 0"><span class='ocrx_word' id='word_1_75' title='bbox 976 1199 1270 1205; x_wconf 95' lang='lat' dir='ltr'> </span> 
     </span>
    </p>
   </div>
   <div class='ocr_carea' id='block_1_4' title="bbox 336 1338 1935 1899">
    <p class='ocr_par' dir='ltr' id='par_1_5' title="bbox 336 1338 1935 1899">
     <span class='ocr_line' id='line_1_11' title="bbox 423 1338 1930 1397; baseline 0.002 -14"><span class='ocrx_word' id='word_1_76' title='bbox 423 1340 462 1383; x_wconf 89' lang='lat'>1.</span> <span class='ocrx_word' id='word_1_77' title='bbox 492 1344 679 1383; x_wconf 65' lang='lat' dir='ltr'>Ratione·</span> <span class='ocrx_word' id='word_1_78' title='bbox 707 1346 935 1396; x_wconf 69' lang='lat' dir='ltr'>conyruz‘c.</span> <span class='ocrx_word' id='word_1_79' title='bbox 969 1361 994 1370; x_wconf 86' lang='lat'>-—</span> <span class='ocrx_word' id='word_1_80' title='bbox 1023 1338 1155 1383; x_wconf 89' lang='lat' dir='ltr'>Clem.</span> <span class='ocrx_word' id='word_1_81' title='bbox 1189 1339 1228 1382; x_wconf 91' lang='lat' dir='ltr'>X</span> <span class='ocrx_word' id='word_1_82' title='bbox 1272 1340 1445 1383; x_wconf 83' lang='lat' dir='ltr'>mandat</span> <span class='ocrx_word' id='word_1_83' title='bbox 1488 1342 1682 1397; x_wconf 84' lang='lat' dir='ltr'>episcopo</span> <span class='ocrx_word' id='word_1_84' title='bbox 1726 1341 1930 1387; x_wconf 88' lang='lat' dir='ltr'>Narnien.</span> 
     </span>
     <span class='ocr_line' id='line_1_12' title="bbox 341 1409 1933 1470; baseline 0.005 -20"><span class='ocrx_word' id='word_1_85' title='bbox 341 1410 428 1451; x_wconf 86' lang='lat' dir='ltr'>sive</span> <span class='ocrx_word' id='word_1_86' title='bbox 450 1410 541 1451; x_wconf 89' lang='lat' dir='ltr'>eius</span> <span class='ocrx_word' id='word_1_87' title='bbox 562 1409 655 1452; x_wconf 88' lang='lat' dir='ltr'>Vic.</span> <span class='ocrx_word' id='word_1_88' title='bbox 680 1424 773 1464; x_wconf 80' lang='lat' dir='ltr'>gen.</span> <span class='ocrx_word' id='word_1_89' title='bbox 798 1415 845 1452; x_wconf 86' lang='lat' dir='ltr'>ut</span> <span class='ocrx_word' id='word_1_90' title='bbox 864 1414 1026 1454; x_wconf 87' lang='lat' dir='ltr'>attento</span> <span class='ocrx_word' id='word_1_91' title='bbox 1047 1412 1160 1467; x_wconf 85' lang='lat' dir='ltr'>quod</span> <span class='ocrx_word' id='word_1_92' title='bbox 1179 1413 1304 1456; x_wconf 82' lang='lat' dir='ltr'>Alex,</span> <span class='ocrx_word' id='word_1_93' title='bbox 1330 1413 1427 1466; x_wconf 89' lang='lat' dir='ltr'>VII,</span> <span class='ocrx_word' id='word_1_94' title='bbox 1453 1413 1510 1455; x_wconf 91' lang='lat' dir='ltr'>VI</span> <span class='ocrx_word' id='word_1_95' title='bbox 1530 1414 1588 1457; x_wconf 89' lang='lat' dir='ltr'>id.</span> <span class='ocrx_word' id='word_1_96' title='bbox 1608 1414 1700 1458; x_wconf 87' lang='lat' dir='ltr'>Oct.</span> <span class='ocrx_word' id='word_1_97' title='bbox 1721 1415 1768 1458; x_wconf 90' lang='lat' dir='ltr'>P.</span> <span class='ocrx_word' id='word_1_98' title='bbox 1787 1430 1855 1459; x_wconf 89' lang='lat' dir='ltr'>an.</span> <span class='ocrx_word' id='word_1_99' title='bbox 1874 1416 1933 1470; x_wconf 91' lang='lat' dir='ltr'>II,</span> 
     </span>
     <span class='ocr_line' id='line_1_13' title="bbox 338 1481 1935 1540; baseline 0.004 -19"><span class='ocrx_word' id='word_1_100' title='bbox 338 1484 441 1522; x_wconf 88' lang='lat' dir='ltr'>tunc</span> <span class='ocrx_word' id='word_1_101' title='bbox 470 1481 673 1523; x_wconf 74' lang='lat' dir='ltr'>existenti</span> <span class='ocrx_word' id='word_1_102' title='bbox 703 1483 900 1536; x_wconf 89' lang='lat' dir='ltr'>episcopo</span> <span class='ocrx_word' id='word_1_103' title='bbox 922 1482 1127 1526; x_wconf 90' lang='lat' dir='ltr'>Narnien.</span> <span class='ocrx_word' id='word_1_104' title='bbox 1151 1483 1268 1526; x_wconf 87' lang='lat' dir='ltr'>dedit</span> <span class='ocrx_word' id='word_1_105' title='bbox 1290 1486 1332 1526; x_wconf 90' lang='lat' dir='ltr'>in</span> <span class='ocrx_word' id='word_1_106' title='bbox 1362 1485 1572 1527; x_wconf 87' lang='lat' dir='ltr'>mandatis</span> <span class='ocrx_word' id='word_1_107' title='bbox 1601 1491 1650 1528; x_wconf 90' lang='lat' dir='ltr'>ut</span> <span class='ocrx_word' id='word_1_108' title='bbox 1679 1487 1935 1540; x_wconf 81' lang='lat' dir='ltr'>presbyteris</span> 
     </span>
     <span class='ocr_line' id='line_1_14' title="bbox 339 1551 1934 1612; baseline 0.004 -19"><span class='ocrx_word' id='word_1_109' title='bbox 339 1551 381 1594; x_wconf 82' lang='lat' dir='ltr'>S.</span> <span class='ocrx_word' id='word_1_110' title='bbox 406 1551 441 1594; x_wconf 91' lang='lat' dir='ltr'>I.</span> <span class='ocrx_word' id='word_1_111' title='bbox 466 1553 562 1595; x_wconf 90' lang='lat' dir='ltr'>coll.</span> <span class='ocrx_word' id='word_1_112' title='bbox 586 1553 874 1596; x_wconf 87' lang='lat' dir='ltr'>Interamnen.</span> <span class='ocrx_word' id='word_1_113' title='bbox 898 1556 1147 1608; x_wconf 75' lang='lat' dir='ltr'>assignaret,</span> <span class='ocrx_word' id='word_1_114' title='bbox 1170 1570 1267 1597; x_wconf 88' lang='lat' dir='ltr'>cum</span> <span class='ocrx_word' id='word_1_115' title='bbox 1288 1569 1413 1598; x_wconf 87' lang='lat' dir='ltr'>onere</span> <span class='ocrx_word' id='word_1_116' title='bbox 1435 1561 1482 1597; x_wconf 87' lang='lat' dir='ltr'>ut</span> <span class='ocrx_word' id='word_1_117' title='bbox 1496 1557 1631 1612; x_wconf 83' lang='lat' dir='ltr'>aliqui</span> <span class='ocrx_word' id='word_1_118' title='bbox 1646 1558 1757 1599; x_wconf 84' lang='lat' dir='ltr'>infra</span> <span class='ocrx_word' id='word_1_119' title='bbox 1777 1572 1934 1599; x_wconf 90' lang='lat' dir='ltr'>annum</span> 
     </span>
     <span class='ocr_line' id='line_1_15' title="bbox 337 1626 1930 1682; baseline 0.003 -17"><span class='ocrx_word' id='word_1_120' title='bbox 337 1637 412 1678; x_wconf 91' lang='lat' dir='ltr'>pro</span> <span class='ocrx_word' id='word_1_121' title='bbox 446 1626 658 1667; x_wconf 84' lang='lat' dir='ltr'>missionis</span> <span class='ocrx_word' id='word_1_122' title='bbox 693 1626 826 1668; x_wconf 89' lang='lat' dir='ltr'>officio</span> <span class='ocrx_word' id='word_1_123' title='bbox 862 1626 915 1667; x_wconf 89' lang='lat' dir='ltr'>ad</span> <span class='ocrx_word' id='word_1_124' title='bbox 949 1628 1027 1668; x_wconf 80' lang='lat' dir='ltr'>ciV.</span> <span class='ocrx_word' id='word_1_125' title='bbox 1066 1626 1270 1670; x_wconf 86' lang='lat' dir='ltr'>Narnien.</span> <span class='ocrx_word' id='word_1_126' title='bbox 1309 1627 1574 1681; x_wconf 75' lang='lat' dir='ltr'>accederent,</span> <span class='ocrx_word' id='word_1_127' title='bbox 1606 1629 1930 1682; x_wconf 87' lang='lat' dir='ltr'>haereditatem,</span> 
     </span>
     <span class='ocr_line' id='line_1_16' title="bbox 336 1696 1932 1754; baseline 0.003 -18"><span class='ocrx_word' id='word_1_128' title='bbox 336 1696 635 1738; x_wconf 86' lang='lat' dir='ltr'>ascendentem</span> <span class='ocrx_word' id='word_1_129' title='bbox 651 1701 752 1738; x_wconf 82' lang='lat' dir='ltr'>tunc</span> <span class='ocrx_word' id='word_1_130' title='bbox 769 1711 865 1739; x_wconf 86' lang='lat' dir='ltr'>cum</span> <span class='ocrx_word' id='word_1_131' title='bbox 881 1697 1088 1740; x_wconf 84' lang='lat' dir='ltr'>fructibus</span> <span class='ocrx_word' id='word_1_132' title='bbox 1105 1698 1158 1740; x_wconf 88' lang='lat' dir='ltr'>ad</span> <span class='ocrx_word' id='word_1_133' title='bbox 1176 1701 1253 1740; x_wconf 86' lang='lat'>193</span> <span class='ocrx_word' id='word_1_134' title='bbox 1266 1699 1360 1740; x_wconf 86' lang='lat' dir='ltr'>duc.</span> <span class='ocrx_word' id='word_1_135' title='bbox 1375 1699 1594 1741; x_wconf 88' lang='lat' dir='ltr'>cuiusdam</span> <span class='ocrx_word' id='word_1_136' title='bbox 1606 1699 1800 1754; x_wconf 85' lang='lat' dir='ltr'>Septimii</span> <span class='ocrx_word' id='word_1_137' title='bbox 1812 1699 1932 1741; x_wconf 90' lang='lat' dir='ltr'>Mau-</span> 
     </span>
     <span class='ocr_line' id='line_1_17' title="bbox 337 1769 1928 1828; baseline 0.004 -20"><span class='ocrx_word' id='word_1_138' title='bbox 337 1769 427 1809; x_wconf 88' lang='lat' dir='ltr'>seni</span> <span class='ocrx_word' id='word_1_139' title='bbox 449 1769 546 1810; x_wconf 91' lang='lat' dir='ltr'>laici</span> <span class='ocrx_word' id='word_1_140' title='bbox 567 1769 606 1811; x_wconf 94' lang='lat' dir='ltr'>N</span> <span class='ocrx_word' id='word_1_141' title='bbox 609 1771 771 1828; x_wconf 83' lang='lat' dir='ltr'>arnien.</span> <span class='ocrx_word' id='word_1_142' title='bbox 796 1771 869 1824; x_wconf 85' lang='lat' dir='ltr'>qui</span> <span class='ocrx_word' id='word_1_143' title='bbox 889 1775 1060 1813; x_wconf 80' lang='lat' dir='ltr'>testam.</span> <span class='ocrx_word' id='word_1_144' title='bbox 1083 1773 1110 1812; x_wconf 91' lang='lat'>4</span> <span class='ocrx_word' id='word_1_145' title='bbox 1130 1770 1169 1812; x_wconf 91' lang='lat' dir='ltr'>N</span> <span class='ocrx_word' id='word_1_146' title='bbox 1173 1785 1238 1813; x_wconf 89' lang='lat' dir='ltr'>ov.</span> <span class='ocrx_word' id='word_1_147' title='bbox 1264 1773 1370 1812; x_wconf 86' lang='lat'>1633</span> <span class='ocrx_word' id='word_1_148' title='bbox 1392 1770 1434 1812; x_wconf 92' lang='lat' dir='ltr'>d.</span> <span class='ocrx_word' id='word_1_149' title='bbox 1458 1771 1554 1814; x_wconf 87' lang='lat' dir='ltr'>coll.</span> <span class='ocrx_word' id='word_1_150' title='bbox 1573 1773 1755 1814; x_wconf 88' lang='lat' dir='ltr'>univers.</span> <span class='ocrx_word' id='word_1_151' title='bbox 1780 1772 1928 1814; x_wconf 89' lang='lat' dir='ltr'>haere-</span> 
     </span>
     <span class='ocr_line' id='line_1_18' title="bbox 336 1840 1926 1899; baseline 0.003 -17"><span class='ocrx_word' id='word_1_152' title='bbox 336 1840 432 1882; x_wconf 88' lang='lat' dir='ltr'>dem</span> <span class='ocrx_word' id='word_1_153' title='bbox 447 1843 739 1896; x_wconf 82' lang='lat' dir='ltr'>constituerat,</span> <span class='ocrx_word' id='word_1_154' title='bbox 753 1843 1079 1896; x_wconf 82' lang='lat' dir='ltr'>assignationem</span> <span class='ocrx_word' id='word_1_155' title='bbox 1096 1848 1364 1899; x_wconf 85' lang='lat' dir='ltr'>exsequatur,</span> <span class='ocrx_word' id='word_1_156' title='bbox 1380 1843 1478 1886; x_wconf 89' lang='lat' dir='ltr'>licet</span> <span class='ocrx_word' id='word_1_157' title='bbox 1492 1843 1676 1899; x_wconf 85' lang='lat' dir='ltr'>litterae,</span> <span class='ocrx_word' id='word_1_158' title='bbox 1695 1844 1926 1887; x_wconf 83' lang='lat' dir='ltr'>Alexandri</span> 
     </span>
    </p>
   </div>
   <div class='ocr_carea' id='block_1_5' title="bbox 336 1912 1054 2023">
    <p class='ocr_par' dir='ltr' id='par_1_6' title="bbox 336 1912 1054 2023">
     <span class='ocr_line' id='line_1_19' title="bbox 336 1912 1010 1966; baseline 0.006 -13"><span class='ocrx_word' id='word_1_159' title='bbox 336 1912 470 1966; x_wconf 86' lang='lat' dir='ltr'>obitu,</span> <span class='ocrx_word' id='word_1_160' title='bbox 493 1914 711 1956; x_wconf 86' lang='lat' dir='ltr'>confectae</span> <span class='ocrx_word' id='word_1_161' title='bbox 731 1928 815 1956; x_wconf 90' lang='lat' dir='ltr'>non</span> <span class='ocrx_word' id='word_1_162' title='bbox 835 1914 1010 1958; x_wconf 84' lang='lat' dir='ltr'>fuerint.</span> 
     </span>
     <span class='ocr_line' id='line_1_20' title="bbox 340 1979 1054 2023; baseline 0.003 -9"><span class='ocrx_word' id='word_1_163' title='bbox 340 1979 385 2014; x_wconf 83' lang='lat' dir='ltr'>R.</span> <span class='ocrx_word' id='word_1_164' title='bbox 405 1990 465 2023; x_wconf 86' lang='lat' dir='ltr'>ap.</span> <span class='ocrx_word' id='word_1_165' title='bbox 484 1980 520 2015; x_wconf 88' lang='lat' dir='ltr'>S.</span> <span class='ocrx_word' id='word_1_166' title='bbox 542 1981 583 2014; x_wconf 88' lang='lat' dir='ltr'>P.</span> <span class='ocrx_word' id='word_1_167' title='bbox 605 1981 657 2016; x_wconf 88' lang='lat' dir='ltr'>XI</span> <span class='ocrx_word' id='word_1_168' title='bbox 674 1981 764 2017; x_wconf 84' lang='lat' dir='ltr'>Maii</span> <span class='ocrx_word' id='word_1_169' title='bbox 783 1983 867 2018; x_wconf 90' lang='grc'>1670</span> <span class='ocrx_word' id='word_1_170' title='bbox 887 1982 928 2018; x_wconf 89' lang='grc' dir='ltr'>Ρ.</span> <span class='ocrx_word' id='word_1_171' title='bbox 947 1993 1006 2017; x_wconf 90' lang='lat' dir='ltr'>an.</span> <span class='ocrx_word' id='word_1_172' title='bbox 1026 1982 1054 2018; x_wconf 90' lang='grc' dir='ltr'>Ι.</span> 
     </span>
    </p>
   </div>
   <div class='ocr_carea' id='block_1_6' title="bbox 1500 2105 1921 2149">
    <p class='ocr_par' dir='ltr' id='par_1_7' title="bbox 1500 2105 1921 2149">
     <span class='ocr_line' id='line_1_21' title="bbox 1500 2105 1921 2149; baseline 0.002 -10"><span class='ocrx_word' id='word_1_173' title='bbox 1500 2105 1590 2149; x_wconf 71' lang='lat' dir='ltr'>Req.</span> <span class='ocrx_word' id='word_1_174' title='bbox 1610 2105 1699 2141; x_wconf 74' lang='lat' dir='ltr'>buu.</span> <span class='ocrx_word' id='word_1_175' title='bbox 1723 2106 1783 2141; x_wconf 85' lang='lat' dir='ltr'>VJ.</span> <span class='ocrx_word' id='word_1_176' title='bbox 1802 2108 1863 2142; x_wconf 73' lang='lat'>211</span> <span class='ocrx_word' id='word_1_177' title='bbox 1886 2106 1921 2141; x_wconf 91' lang='lat' dir='ltr'>b.</span> 
     </span>
    </p>
   </div>
   <div class='ocr_carea' id='block_1_7' title="bbox 335 2227 1929 2573">
    <p class='ocr_par' dir='ltr' id='par_1_8' title="bbox 335 2227 1929 2573">
     <span class='ocr_line' id='line_1_22' title="bbox 419 2227 1929 2285; baseline 0 -12"><span class='ocrx_word' id='word_1_178' title='bbox 419 2231 461 2274; x_wconf 72' lang='lat'>2.</span> <span class='ocrx_word' id='word_1_179' title='bbox 495 2231 679 2285; x_wconf 72' lang='lat' dir='ltr'>Expom&#39;</span> <span class='ocrx_word' id='word_1_180' title='bbox 699 2231 827 2272; x_wconf 72' lang='lat' dir='ltr'>nobis</span> <span class='ocrx_word' id='word_1_181' title='bbox 848 2243 1008 2285; x_wconf 71' lang='lat' dir='ltr'>nuper.</span> <span class='ocrx_word' id='word_1_182' title='bbox 1029 2253 1056 2259; x_wconf 96' lang='lat'><em>-</em></span> <span class='ocrx_word' id='word_1_183' title='bbox 1071 2227 1205 2270; x_wconf 87' lang='lat' dir='ltr'>Clem.</span> <span class='ocrx_word' id='word_1_184' title='bbox 1218 2227 1271 2281; x_wconf 89' lang='lat' dir='ltr'>X,</span> <span class='ocrx_word' id='word_1_185' title='bbox 1287 2228 1531 2282; x_wconf 86' lang='lat' dir='ltr'>petentibus</span> <span class='ocrx_word' id='word_1_186' title='bbox 1547 2231 1733 2284; x_wconf 77' lang='lat' dir='ltr'>capitulo</span> <span class='ocrx_word' id='word_1_187' title='bbox 1749 2235 1792 2273; x_wconf 88' lang='lat' dir='ltr'>et</span> <span class='ocrx_word' id='word_1_188' title='bbox 1804 2244 1929 2273; x_wconf 87' lang='lat' dir='ltr'>cano-</span> 
     </span>
     <span class='ocr_line' id='line_1_23' title="bbox 336 2299 1925 2356; baseline 0.003 -16"><span class='ocrx_word' id='word_1_189' title='bbox 336 2301 441 2341; x_wconf 87' lang='lat' dir='ltr'>nicis</span> <span class='ocrx_word' id='word_1_190' title='bbox 461 2299 628 2342; x_wconf 90' lang='lat' dir='ltr'>cathed.</span> <span class='ocrx_word' id='word_1_191' title='bbox 652 2299 755 2341; x_wconf 90' lang='lat' dir='ltr'>eccl.</span> <span class='ocrx_word' id='word_1_192' title='bbox 781 2299 1022 2342; x_wconf 86' lang='lat' dir='ltr'>Melevitan.</span> <span class='ocrx_word' id='word_1_193' title='bbox 1047 2305 1090 2342; x_wconf 90' lang='lat' dir='ltr'>et</span> <span class='ocrx_word' id='word_1_194' title='bbox 1110 2300 1273 2342; x_wconf 88' lang='lat' dir='ltr'>clericis</span> <span class='ocrx_word' id='word_1_195' title='bbox 1302 2314 1389 2354; x_wconf 84' lang='lat' dir='ltr'>reg.</span> <span class='ocrx_word' id='word_1_196' title='bbox 1412 2301 1508 2343; x_wconf 89' lang='lat' dir='ltr'>coll.</span> <span class='ocrx_word' id='word_1_197' title='bbox 1536 2301 1577 2344; x_wconf 85' lang='lat' dir='ltr'>S.</span> <span class='ocrx_word' id='word_1_198' title='bbox 1601 2301 1637 2343; x_wconf 94' lang='lat' dir='ltr'>I.</span> <span class='ocrx_word' id='word_1_199' title='bbox 1662 2302 1772 2356; x_wconf 90' lang='lat' dir='ltr'>quod</span> <span class='ocrx_word' id='word_1_200' title='bbox 1793 2300 1925 2344; x_wconf 91' lang='lat' dir='ltr'>Clem.</span> 
     </span>
     <span class='ocr_line' id='line_1_24' title="bbox 336 2371 1926 2426; baseline 0.001 -14"><span class='ocrx_word' id='word_1_201' title='bbox 336 2371 438 2413; x_wconf 93' lang='lat' dir='ltr'>VIII</span> <span class='ocrx_word' id='word_1_202' title='bbox 457 2372 561 2426; x_wconf 89' lang='lat' dir='ltr'>(Cfr.</span> <span class='ocrx_word' id='word_1_203' title='bbox 583 2373 607 2412; x_wconf 84' lang='lat'><strong>7</strong></span> <span class='ocrx_word' id='word_1_204' title='bbox 625 2377 667 2414; x_wconf 87' lang='lat' dir='ltr'>et</span> <span class='ocrx_word' id='word_1_205' title='bbox 687 2374 731 2425; x_wconf 83' lang='lat'>8)</span> <span class='ocrx_word' id='word_1_206' title='bbox 750 2372 806 2412; x_wconf 87' lang='lat' dir='ltr'>ibi</span> <span class='ocrx_word' id='word_1_207' title='bbox 825 2373 928 2425; x_wconf 85' lang='lat' dir='ltr'>erigi</span> <span class='ocrx_word' id='word_1_208' title='bbox 945 2372 1093 2425; x_wconf 88' lang='lat' dir='ltr'>voluit,</span> <span class='ocrx_word' id='word_1_209' title='bbox 1113 2372 1286 2414; x_wconf 89' lang='lat' dir='ltr'>mandat</span> <span class='ocrx_word' id='word_1_210' title='bbox 1302 2373 1450 2414; x_wconf 90' lang='lat' dir='ltr'>Ioanni</span> <span class='ocrx_word' id='word_1_211' title='bbox 1467 2371 1639 2426; x_wconf 88' lang='lat' dir='ltr'>Tempio</span> <span class='ocrx_word' id='word_1_212' title='bbox 1655 2374 1700 2414; x_wconf 89' lang='lat' dir='ltr'>in</span> <span class='ocrx_word' id='word_1_213' title='bbox 1715 2378 1798 2416; x_wconf 83' lang='lat' dir='ltr'>utr.</span> <span class='ocrx_word' id='word_1_214' title='bbox 1820 2374 1926 2426; x_wconf 84' lang='lat' dir='ltr'>sign.</span> 
     </span>
     <span class='ocr_line' id='line_1_25' title="bbox 336 2443 1923 2498; baseline 0.001 -13"><span class='ocrx_word' id='word_1_215' title='bbox 336 2443 621 2485; x_wconf 85' lang='lat' dir='ltr'>referendario</span> <span class='ocrx_word' id='word_1_216' title='bbox 652 2450 694 2485; x_wconf 88' lang='lat' dir='ltr'>et</span> <span class='ocrx_word' id='word_1_217' title='bbox 724 2444 839 2485; x_wconf 88' lang='lat' dir='ltr'>haer.</span> <span class='ocrx_word' id='word_1_218' title='bbox 872 2457 987 2497; x_wconf 77' lang='lat' dir='ltr'>prav.</span> <span class='ocrx_word' id='word_1_219' title='bbox 1021 2444 1267 2498; x_wconf 87' lang='lat' dir='ltr'>Inquisitori</span> <span class='ocrx_word' id='word_1_220' title='bbox 1298 2445 1340 2485; x_wconf 91' lang='lat' dir='ltr'>in</span> <span class='ocrx_word' id='word_1_221' title='bbox 1370 2444 1509 2485; x_wconf 89' lang='lat' dir='ltr'>insula</span> <span class='ocrx_word' id='word_1_222' title='bbox 1539 2444 1727 2487; x_wconf 85' lang='lat' dir='ltr'>Meliten.</span> <span class='ocrx_word' id='word_1_223' title='bbox 1761 2449 1923 2487; x_wconf 85' lang='lat' dir='ltr'>auctor.</span> 
     </span>
     <span class='ocr_line' id='line_1_26' title="bbox 335 2514 1927 2573; baseline 0.001 -15"><span class='ocrx_word' id='word_1_224' title='bbox 335 2516 568 2569; x_wconf 85' lang='lat' dir='ltr'>apostolica</span> <span class='ocrx_word' id='word_1_225' title='bbox 598 2516 798 2570; x_wconf 83' lang='lat' dir='ltr'>deputato</span> <span class='ocrx_word' id='word_1_226' title='bbox 829 2521 877 2557; x_wconf 85' lang='lat' dir='ltr'>ut</span> <span class='ocrx_word' id='word_1_227' title='bbox 904 2514 1123 2557; x_wconf 85' lang='lat' dir='ltr'>confirmet</span> <span class='ocrx_word' id='word_1_228' title='bbox 1153 2515 1418 2557; x_wconf 88' lang='lat' dir='ltr'>concordiam</span> <span class='ocrx_word' id='word_1_229' title='bbox 1449 2530 1574 2569; x_wconf 87' lang='lat' dir='ltr'>super</span> <span class='ocrx_word' id='word_1_230' title='bbox 1606 2520 1803 2573; x_wconf 83' lang='lat' dir='ltr'>taxarum</span> <span class='ocrx_word' id='word_1_231' title='bbox 1839 2530 1927 2559; x_wconf 88' lang='lat' dir='ltr'>ces-</span> 
     </span>
    </p>
   </div>
   <div class='ocr_carea' id='block_1_8' title="bbox 338 2601 1154 2697">
    <p class='ocr_par' dir='ltr' id='par_1_9' title="bbox 338 2601 1154 2697">
     <span class='ocr_line' id='line_1_27' title="bbox 338 2601 1154 2697; baseline 0.002 -10"><span class='ocrx_word' id='word_1_232' title='bbox 338 2601 519 2697; x_wconf 33' lang='lat' dir='ltr'>{Px-S·</span> <span class='ocrx_word' id='word_1_233' title='bbox 541 2653 582 2688; x_wconf 90' lang='lat' dir='ltr'>P.</span> <span class='ocrx_word' id='word_1_234' title='bbox 598 2653 757 2689; x_wconf 88' lang='lat' dir='ltr'>XXVIII</span> <span class='ocrx_word' id='word_1_235' title='bbox 776 2653 864 2688; x_wconf 88' lang='lat' dir='ltr'>Maii</span> <span class='ocrx_word' id='word_1_236' title='bbox 885 2655 967 2689; x_wconf 87' lang='grc'>1670</span> <span class='ocrx_word' id='word_1_237' title='bbox 986 2653 1027 2687; x_wconf 88' lang='grc' dir='ltr'>Ρ.</span> <span class='ocrx_word' id='word_1_238' title='bbox 1047 2664 1106 2688; x_wconf 86' lang='lat' dir='ltr'>an.</span> <span class='ocrx_word' id='word_1_239' title='bbox 1125 2654 1154 2689; x_wconf 91' lang='grc' dir='ltr'>Ι.</span> 
     </span>
    </p>
   </div>
   <div class='ocr_carea' id='block_1_9' title="bbox 1500 2774 1924 2817">
    <p class='ocr_par' dir='ltr' id='par_1_10' title="bbox 1500 2774 1924 2817">
     <span class='ocr_line' id='line_1_28' title="bbox 1500 2774 1924 2817; baseline 0 -8"><span class='ocrx_word' id='word_1_240' title='bbox 1500 2774 1588 2817; x_wconf 73' lang='lat' dir='ltr'>Rey.</span> <span class='ocrx_word' id='word_1_241' title='bbox 1607 2774 1699 2811; x_wconf 73' lang='lat' dir='ltr'>bun.</span> <span class='ocrx_word' id='word_1_242' title='bbox 1728 2775 1788 2810; x_wconf 90' lang='lat' dir='ltr'>VI.</span> <span class='ocrx_word' id='word_1_243' title='bbox 1811 2778 1873 2811; x_wconf 88' lang='lat'>199</span> <span class='ocrx_word' id='word_1_244' title='bbox 1889 2775 1924 2810; x_wconf 90' lang='lat' dir='ltr'>b.</span> 
     </span>
    </p>
   </div>
   <div class='ocr_carea' id='block_1_10' title="bbox 340 2891 1928 3019">
    <p class='ocr_par' dir='ltr' id='par_1_11' title="bbox 340 2891 1928 3019">
     <span class='ocr_line' id='line_1_29' title="bbox 424 2891 1928 2951; baseline 0.001 -16"><span class='ocrx_word' id='word_1_245' title='bbox 424 2896 464 2939; x_wconf 74' lang='lat'>3.</span> <span class='ocrx_word' id='word_1_246' title='bbox 501 2897 754 2951; x_wconf 65' lang='lat' dir='ltr'>Hele&#39;yz&#39;om&#39;s</span> <span class='ocrx_word' id='word_1_247' title='bbox 775 2897 912 2938; x_wconf 58' lang='lat' dir='ltr'>selvas.</span> <span class='ocrx_word' id='word_1_248' title='bbox 940 2918 966 2924; x_wconf 93' lang='lat'>—</span> <span class='ocrx_word' id='word_1_249' title='bbox 998 2893 1191 2935; x_wconf 88' lang='lat' dir='ltr'>Clemens</span> <span class='ocrx_word' id='word_1_250' title='bbox 1221 2891 1259 2932; x_wconf 93' lang='lat' dir='ltr'>X</span> <span class='ocrx_word' id='word_1_251' title='bbox 1289 2891 1437 2934; x_wconf 89' lang='lat' dir='ltr'>Ioanni</span> <span class='ocrx_word' id='word_1_252' title='bbox 1467 2893 1590 2947; x_wconf 87' lang='lat' dir='ltr'>Bapt.</span> <span class='ocrx_word' id='word_1_253' title='bbox 1625 2893 1737 2936; x_wconf 77' lang='lat' dir='ltr'>Tave</span> <span class='ocrx_word' id='word_1_254' title='bbox 1770 2895 1928 2936; x_wconf 86' lang='lat' dir='ltr'>novitio</span> 
     </span>
     <span class='ocr_line' id='line_1_30' title="bbox 340 2964 1927 3019; baseline 0 -12"><span class='ocrx_word' id='word_1_255' title='bbox 340 2965 438 3007; x_wconf 87' lang='lat' dir='ltr'>Ord.</span> <span class='ocrx_word' id='word_1_256' title='bbox 463 2966 505 3007; x_wconf 83' lang='lat' dir='ltr'>S.</span> <span class='ocrx_word' id='word_1_257' title='bbox 528 2965 596 3006; x_wconf 89' lang='lat' dir='ltr'>Fr.</span> <span class='ocrx_word' id='word_1_258' title='bbox 623 2964 725 3006; x_wconf 88' lang='lat' dir='ltr'>Min.</span> <span class='ocrx_word' id='word_1_259' title='bbox 750 2965 792 3006; x_wconf 83' lang='lat' dir='ltr'>S.</span> <span class='ocrx_word' id='word_1_260' title='bbox 818 2965 963 3006; x_wconf 82' lang='lat' dir='ltr'>Franc.</span> <span class='ocrx_word' id='word_1_261' title='bbox 998 2968 1189 3005; x_wconf 83' lang='lat' dir='ltr'>convent.</span> <span class='ocrx_word' id='word_1_262' title='bbox 1222 2978 1367 3016; x_wconf 87' lang='lat' dir='ltr'>nunc.,</span> <span class='ocrx_word' id='word_1_263' title='bbox 1400 2965 1473 3018; x_wconf 85' lang='lat' dir='ltr'>qui</span> <span class='ocrx_word' id='word_1_264' title='bbox 1503 2969 1598 3018; x_wconf 83' lang='lat' dir='ltr'>post</span> <span class='ocrx_word' id='word_1_265' title='bbox 1627 2965 1927 3019; x_wconf 85' lang='lat' dir='ltr'>professionem</span> 
     </span>
    </p>
   </div>
  </div>
 </body>
</html>
