1989 3252
73 198 208 242 Alex.
233 196 338 242 VII-
744 213 789 218 —-
826 190 905 229 369
934 213 990 219 -—
1525 186 1656 230 1657.

157 286 229 330 23.
261 282 310 323 Α.
335 280 383 321 F.
407 278 456 320 R.
488 277 547 319 M.
573 280 700 320 Alias
712 282 959 333 postquam
979 277 1039 330 fe..
1062 290 1122 319 re,
1160 281 1311 317 Innoc.
1344 297 1370 303 —
1398 271 1524 314 Alex.
1558 270 1656 324 VII,

73 358 245 408 petente
264 351 397 394 Gosw.
422 349 547 390 Nikel
568 348 718 400 Praep.
737 346 841 388 Gen.
862 344 902 387 S.
926 345 960 387 Ι.
987 345 1122 387 brevis
1143 346 1197 386 24
1212 344 1293 385 Iul.
1317 344 1509 396 proximo
1531 355 1657 396 expe-

73 425 151 466 diti
172 429 359 465 tenorem
381 420 619 474 provinciae
639 418 808 459 Indicae
829 417 976 458 utilem
1008 430 1098 458 esse
1120 416 1279 467 volens,
1302 415 1426 455 breve
1448 413 1591 455 Innoc.
1618 412 1656 453 X

76 497 95 536 1
119 495 209 536 Ian.
236 495 358 545 1646,
381 491 434 533 ad
453 494 614 543 septem
636 503 767 530 annos
788 492 910 530 extra
930 488 1143 540 Europam
1164 485 1394 539 suspendit.

72 561 115 596 R.
134 571 190 604 ap.
209 560 244 595 S.
263 560 313 595 Μ.
333 558 382 593 Μ.
401 557 486 592 XIV
505 556 592 589 Nov.
617 558 699 590 1656
717 555 758 588 P.
777 565 837 588 an.
856 553 901 589 Π.

1237 661 1322 703 Rey.
1344 659 1432 694 bulz.
1459 659 1519 694 VJ.
1541 660 1604 695 137
1621 659 1655 692 b.

153 777 226 821 24.
257 777 456 818 Labores
484 774 660 828 quibus.
690 794 716 800 -
747 769 866 810 Alex.
900 767 981 809 VII
1015 767 1234 808 Bertuccio
1268 766 1437 808 Valiero
1471 766 1580 808 Duci
1614 770 1657 808 et

71 847 192 900 Reip.
216 844 490 887 Venetiarum
506 841 770 883 commendat
789 840 1004 893 religiosos
1026 838 1066 881 S.
1091 839 1126 880 Ι.
1151 838 1303 892 quibus
1333 839 1377 879 in
1407 838 1654 879 adolescen-

70 919 176 959 tium
207 921 347 958 aetate
380 912 651 968 gubernanda
689 911 1045 964 sanctissimisque
1088 910 1323 963 praeceptis
1366 908 1652 950 confirmanda

72 989 178 1030 nulli
199 988 418 1042 peritiores
438 986 750 1027 existimantur.

69 1055 115 1090 R.
134 1066 192 1097 ap.
212 1055 249 1089 S.
267 1054 317 1088 M.
337 1053 386 1087 M.
406 1051 529 1087 XXIII
548 1051 632 1084 Dee.
656 1052 737 1084 1656
755 1049 795 1083 P.
814 1060 873 1082 an.
892 1048 936 1083 11.

69 1163 143 1198 Iul.
162 1163 436 1206 Poyianiepist.
452 1161 500 1195 II.
517 1162 590 1195 172.
612 1159 761 1196 Gomez.
775 1158 908 1202 Eloyia
924 1157 958 1190 S.
973 1156 1003 1190 I.
1016 1168 1056 1198 p.
1072 1159 1124 1190 51.
1218 1156 1306 1199 Rey.
1325 1155 1411 1189 buu.
1442 1155 1503 1189 VI.
1517 1156 1577 1190 141
1594 1155 1650 1196 (1).

151 1275 222 1319 25.
258 1277 438 1327 [nyente‘
457 1278 714 1324 eximioque
732 1271 918 1325 yaudz'o.
938 1292 964 1297 -
983 1266 1107 1309 Alex.
1133 1265 1212 1307 VII
1242 1265 1462 1306 Bertuccio
1483 1263 1650 1305 Valiero

70 1344 176 1385 Duci
193 1348 234 1385 et
248 1341 444 1395 Reipubl.
464 1340 737 1382 Venetiarum
759 1339 809 1381 de
830 1339 1008 1391 receptis
1024 1336 1064 1379 S.
1085 1337 1119 1378 I.
1140 1337 1358 1390 religiosis,
1377 1349 1459 1377 non
1480 1335 1652 1387 degene-

70 1429 136 1457 res
156 1428 182 1456 a
202 1413 341 1455 radice
363 1415 404 1454 in
426 1426 509 1466 qua
528 1412 707 1466 plantati
729 1416 771 1452 et
791 1410 955 1451 fundati
977 1414 1074 1450 sunt
1094 1409 1251 1450 fructus
1283 1407 1458 1459 daturis,
1491 1407 1646 1459 gratias

72 1487 158 1541 agit
177 1490 219 1527 et
238 1484 488 1538 gratulatur.

71 1553 113 1588 R.
131 1563 188 1595 ap.
210 1551 246 1586 S.
268 1553 316 1588 M.
336 1551 386 1584 M.
406 1550 542 1585 XXVIl
563 1549 636 1583 Ian.
659 1551 742 1583 1657
760 1548 801 1581 P.
820 1558 892 1581 ann
925 1547 969 1582 H.

70 1661 220 1704 Gornez,
239 1660 374 1702 Eloqz'a
392 1660 426 1694 S.
447 1659 474 1693 I.
495 1661 548 1694 54.
1236 1654 1323 1696 Κεφ.
1344 1655 1430 1687 bull.
1457 1653 1515 1686 Vl.
1538 1655 1599 1688 143
1618 1654 1650 1686 b.

151 1772 223 1816 26.
256 1771 306 1812 Α.
331 1768 377 1811 F.
411 1769 460 1810 R.
496 1768 555 1810 M.
590 1775 776 1824 Exponz‘
801 1769 931 1810 nohis
961 1781 1118 1822 nuper.
1150 1789 1175 1795 -
1204 1764 1327 1805 Alex.
1365 1762 1459 1816 VII,
1491 1762 1652 1816 petenti

70 1841 259 1883 Goswino
290 1840 438 1881 Nichel
468 1840 618 1892 Praep.
640 1838 743 1880 Gen.
777 1837 818 1879 S.
851 1837 886 1878 Ι.
920 1837 1163 1878 facultatem
1195 1834 1386 1876 concedit
1416 1832 1650 1886 accipiendi

70 1914 122 1954 30
143 1926 199 1954 m.
224 1917 330 1953 scut.
356 1911 409 1952 ad
430 1910 639 1952 cambium
660 1923 734 1962 pro
750 1908 927 1950 emenda
944 1908 1064 1948 domo
1081 1906 1145 1948 vel
1168 1906 1419 1947 monasterio
1444 1904 1648 1947 Venetiis.

70 1978 114 2013 R.
132 1989 189 2021 ap.
209 1978 245 2012 S.
266 1978 306 2012 P.
326 1977 395 2013 XII
412 1977 518 2012 Mart.
540 1978 625 2012 1657
644 1976 684 2010 P.
704 1986 763 2009 an.
783 1975 827 2010 Π.

1270 2081 1358 2123 Res).
1379 2080 1469 2116 bull.
1500 2079 1555 2114 VI.
1576 2082 1649 2114 144.

152 2197 224 2241 27.
257 2202 441 2251 Eaeponz'
459 2197 586 2238 nobis
605 2208 765 2249 nuper.
788 2217 813 2223 -
836 2191 953 2233 Alex.
976 2190 1072 2243 VII,
1096 2194 1263 2244 petente
1284 2189 1478 2231 Goswino
1500 2187 1537 2228 N
1541 2187 1649 2229 ickel

69 2266 222 2320 Praep.
240 2265 342 2307 Gen.
363 2265 402 2307 S.
424 2265 458 2307 I.
478 2263 719 2306 mandat...
739 2268 786 2304 ut
802 2263 1045 2304 facultatem
1066 2260 1267 2303 concedat
1282 2259 1462 2312 emendi,
1481 2260 1650 2301 nomine

69 2337 164 2380 coll.
188 2337 256 2380 SS.
280 2336 449 2379 Ioannis
479 2342 521 2377 et
549 2334 703 2387 Caroli,
727 2334 896 2375 domum
926 2335 969 2374 in
998 2334 1066 2373 via
1096 2332 1244 2373 maiori
1273 2332 1353 2372 vici
1386 2330 1425 2372 S.
1461 2329 1649 2383 Agathae

69 2408 146 2450 sub
166 2412 305 2450 monte
327 2406 621 2460 Magnanapoli
650 2419 774 2446 nunc.
808 2406 933 2446 sitam
955 2419 980 2444 a
1011 2403 1151 2444 Marco
1183 2402 1233 2443 de
1263 2401 1412 2442 Granis
1442 2400 1647 2452 Romano,

69 2481 203 2534 pretio
225 2480 331 2521 5700
362 2483 485 2530 scut.‚
508 2482 551 2518 et
579 2478 622 2517 in
647 2476 897 2518 solutionem
929 2475 1054 2528 pretii
1084 2474 1253 2515 domum
1283 2473 1437 2514 valoris
1469 2473 1572 2512 1800
1604 2472 1647 2512 in

69 2550 160 2592 loco
181 2550 360 2591 Pantani
381 2562 506 2590 nunc.
529 2553 572 2589 et
591 2547 734 2588 foenile
754 2546 836 2588 val.
859 2548 939 2587 400
962 2551 1069 2586 scut.
1092 2546 1205 2586 circa
1224 2544 1328 2586 eccl.
1353 2543 1394 2585 S.
1420 2542 1477 2583 M.
1502 2542 1553 2583 de
1575 2556 1647 2596 po—

68 2622 167 2676 pulo
188 2621 242 2663 ad
262 2621 301 2662 d.
325 2621 422 2662 coll.
445 2620 679 2673 spectantia
699 2616 937 2671 assignandi
954 2632 964 2669 3
986 2621 1065 2657 etc.

67 2687 111 2723 R.
130 2699 187 2731 ap.
209 2686 245 2722 S.
267 2687 304 2720 P.
323 2686 449 2721 XXIII
465 2686 570 2720 Mart.
593 2687 675 2720 1657
693 2684 733 2718 P.
753 2695 812 2718 an.
831 2683 876 2718 Π.

1230 2791 1319 2834 Rey.
1338 2790 1426 2824 bun.
1450 2789 1511 2823 VI.
1533 2791 1595 2823 145
1613 2789 1646 2822 b.

130 2907 175 2948 (1)
196 2905 288 2940 Ibid.
307 2904 476 2947 Risposta
493 2903 589 2938 della
605 2901 808 2945 Republica
827 2900 863 2934 di
891 2899 1048 2934 Venezia
1074 2898 1147 2932 alla
1177 2897 1318 2932 Santita
1342 2897 1378 2931 di
1407 2897 1449 2930 N.
1481 2896 1517 2931 S.
1550 2897 1650 2939 Papa

67 2960 288 2995 Alessandro
306 2958 443 2994 V11.—
458 2958 618 2994 Litterae
636 2957 678 2992 R..
697 2956 737 2990 P.
756 2955 941 2989 Generalis
959 2954 1005 2989 ad
1031 2953 1104 2987 ΡΡ.
1128 2956 1163 2988 et
1187 2952 1260 2986 FF.
1284 2952 1320 2987 S.
1341 2952 1367 2987 Ι.
1394 2951 1438 2986 de
1467 2951 1583 2985 reditu
1613 2951 1650 2984 in

68 3014 245 3050 Venetam
264 3013 437 3048 ditionem
456 3017 535 3056 post
551 3015 592 3048 50
609 3022 736 3046 annos
