1989 3252
271 209 447 254 Bened.
469 207 597 252 XIV.
942 230 998 238 —
1025 206 1107 248 472
1136 230 1192 237 -
1731 209 1865 254 1749.

272 309 298 338 a
317 295 392 337 Pio
413 293 472 336 IV
509 299 552 336 et
586 295 815 337 novissime
836 308 862 337 a
881 293 1013 337 Clem.
1051 293 1133 337 XII
1163 293 1492 348 provincialibus
1512 293 1554 336 S.
1578 293 1613 337 I.
1637 294 1867 337 attributae

275 368 458 410 fuerant.
482 365 548 408 Ad
567 368 620 409 25
643 380 791 409 annos.

273 433 315 468 R.
335 444 393 476 ap.
415 433 451 467 S.
473 432 524 467 M.
549 432 598 467 M.
619 432 688 469 XII
706 432 797 467 Nov.
819 434 904 467 1738
925 433 962 465 Ρ.
981 443 1039 466 an.
1058 433 1122 468 IX.

273 543 376 576 Buzc.
395 542 441 576 de
455 552 517 586 pr.
536 543 564 581 f.
583 541 651 575 ΙΙΙ
664 543 740 577 392.

354 654 428 698 38.
465 651 515 693 A.
539 649 586 691 P.
612 648 662 691 R.
689 648 747 690 M.
769 654 878 693 Cum
900 657 948 693 z'n
968 663 1125 705 conyr.
1149 651 1372 705 yeneralz'.
1397 672 1422 679 -—
1459 647 1565 690 Ben.
1604 647 1703 689 XIV
1727 647 1871 690 decre-

266 728 357 765 tum
379 736 454 776 pro
475 726 678 764 accurata
709 733 862 762 causae
884 720 1078 772 martyrii
1108 719 1225 762 Servi
1255 719 1332 761 Dei
1363 719 1557 761 Andreae
1587 718 1749 761 Bobola
1768 717 1808 761 S.
1833 719 1869 761 I.

273 794 533 836 discussione
554 792 643 835 edit
667 797 710 834 et
731 793 843 834 inter
863 796 1030 845 regesta
1050 790 1200 844 Congr.
1227 792 1385 832 rituum
1405 791 1614 832 asservari
1634 789 1766 832 iubet.

275 861 318 896 R.
337 872 395 904 ap.
416 860 452 894 S.
473 859 524 894 M.
545 860 595 895 M.
615 859 724 895 XXII
745 858 832 893 Maii
852 860 937 893 1749
957 858 996 891 Ρ.
1016 868 1076 892 an.
1096 858 1161 893 IX.

273 969 374 1004 Ball.
393 969 441 1003 de
454 979 514 1013 pr.
535 969 567 1013 f.
585 968 740 1003 111399.

359 1080 430 1124 39.
468 1081 733 1123 coelestium
757 1092 1016 1121 munerum.
1041 1101 1066 1107 -
1088 1076 1190 1117 Ben.
1214 1073 1332 1128 XIV,
1356 1079 1527 1129 petente
1547 1074 1616 1117 Fr.
1641 1075 1743 1117 Retz
1766 1076 1809 1117 S.
1836 1075 1870 1117 Ι.

279 1149 431 1204 Praep.
463 1148 590 1202 Gen.,
623 1148 818 1191 concedit
852 1147 940 1190 ind.
973 1147 1086 1202 plen.
1121 1161 1196 1201 pro
1226 1147 1497 1189 missionibus
1527 1148 1579 1189 ad
1609 1148 1874 1202 septennium

274 1220 377 1275 (Cfr.
402 1235 443 1264 n.
472 1222 553 1271 10).

274 1288 315 1324 In
333 1298 416 1323 arce
436 1286 648 1331 Gandulphi
667 1287 847 1322 Albanen.
868 1286 986 1321 dioec.
1004 1286 1091 1322 XIV
1110 1287 1189 1322 Iun.
1212 1288 1296 1321 1749
1315 1286 1354 1319 P.
1375 1297 1434 1320 an.
1453 1286 1516 1321 IX.

277 1398 349 1432 Ex.
372 1404 448 1442 cyp.
467 1408 564 1431 cam.
582 1408 643 1441 ap.
664 1400 696 1432 4.
1727 1396 1871 1431 Bullae.

360 1509 435 1553 40.
469 1509 542 1551 Ad
561 1510 842 1564 auyendam.
867 1531 893 1536 —
913 1504 1015 1548 Ben.
1040 1503 1140 1546 XIV
1170 1504 1256 1547 ind.
1279 1519 1354 1558 pro
1376 1506 1566 1548 oratione
1585 1508 1638 1548 40
1659 1505 1873 1559 horarum,

279 1579 324 1620 in
339 1579 444 1621 eccl.
464 1578 506 1622 S.
525 1578 560 1620 I.
579 1579 710 1620 etiam
727 1577 1051 1630 Mediolanensi,
1074 1576 1265 1619 concedit
1285 1576 1338 1619 ad
1360 1579 1627 1632 septennium
1650 1578 1752 1631 (Cfr.
1777 1577 1870 1621 Iun.

281 1649 386 1692 XIII
406 1665 449 1693 n.
473 1652 530 1704 3).

276 1716 317 1752 In
335 1727 420 1751 arce
440 1715 665 1758 Gaudulphi,
685 1715 864 1750 Albanen.
889 1714 1004 1749 dioec.
1024 1714 1108 1748 XIV
1125 1714 1204 1750 Iun.
1227 1717 1322 1750 1749.
1344 1715 1384 1749 Ρ.
1405 1726 1463 1749 an.
1482 1715 1548 1751 IX.

279 1825 351 1860 Ex.
371 1831 445 1870 typ.
465 1836 560 1859 cam.
581 1836 642 1869 ap.
826 1821 830 1825 ’
1728 1824 1874 1859 Bullae.

363 1938 433 1981 41.
466 1934 595 1989 Cong.
620 1949 653 1976 s.
679 1935 750 1976 rit.
772 1938 814 1976 et
830 1932 917 1975 ind.
939 1958 964 1965 -
981 1933 1183 1976 Parochis
1201 1939 1245 1976 et
1260 1934 1549 1976 sacerdotibus
1564 1937 1617 1976 30
1633 1940 1677 1977 et
1695 1935 1879 1989 amplius

279 2007 324 2048 in
360 2021 512 2061 pagum
546 2005 885 2059 Riedeschingen
921 2003 1211 2048 Constantien.
1237 2005 1371 2048 dioec.
1411 2020 1486 2060 pro
1507 2020 1645 2048 exerc,
1671 2007 1773 2060 spir.
1797 2007 1875 2048 sub

281 2078 512 2120 directione
533 2077 574 2121 S.
601 2077 636 2120 Ι.
660 2091 735 2131 per
756 2082 841 2119 tres
863 2076 952 2118 dies
973 2081 1158 2130 tantum,
1181 2082 1353 2132 propter
1372 2079 1540 2132 negotia
1570 2092 1646 2120 sua
1667 2078 1876 2131 facienda,

284 2149 633 2192 convenientibus
670 2149 758 2191 ind.
786 2149 899 2203 plen.
923 2148 1169 2202 petentibus
1204 2149 1257 2190 ad
1291 2150 1578 2204 septennium,
1602 2175 1628 2181 -
1654 2149 1782 2192 Conc.
1804 2164 1880 2204 pro

283 2222 437 2275 gratia.

285 2292 301 2324 1
322 2288 408 2323 Feb.
430 2290 526 2323 1749.

1737 2356 1880 2389 Bullae.

370 2461 443 2504 42.
477 2459 528 2500 Α.
569 2459 615 2501 P.
654 2458 704 2499 R.
744 2456 805 2500 M.
842 2461 1233 2505 Quemadmodum
1256 2462 1527 2516 presbyteri.
1565 2485 1590 2490 -
1626 2459 1726 2501 Ben.
1765 2458 1881 2512 XIV,

288 2534 459 2584 petente
480 2529 549 2572 Fr.
576 2529 676 2571 Retz
699 2529 849 2582 Praep.
875 2529 977 2571 Gen.
1002 2529 1044 2570 S.
1068 2529 1102 2571 I.
1134 2529 1327 2572 concedit
1360 2530 1603 2572 facultatem
1639 2531 1882 2573 asservandi

290 2600 360 2644 SS.
387 2601 700 2643 Eucharistiam
725 2601 766 2641 in
790 2600 994 2654 cappellis
1015 2600 1273 2653 domesticis,
1313 2601 1596 2655 indulgentias
1631 2616 1705 2656 pro
1740 2616 1880 2645 exerc.

289 2673 391 2726 spir.
431 2673 560 2715 etiam
597 2676 622 2715 5
660 2672 821 2714 dierum
859 2673 996 2725 spatio
1031 2673 1229 2726 peractis,
1252 2677 1295 2714 et
1329 2673 1464 2715 altare
1500 2674 1808 2727 privilegiatum
1844 2675 1885 2715 in

299 2743 401 2786 eccl.
427 2744 470 2786 S.
495 2743 531 2787 Ι.

298 2811 341 2846 R.
362 2822 420 2853 ap.
440 2811 476 2844 S.
498 2811 546 2844 M.
569 2810 617 2844 M.
639 2811 706 2845 XV
724 2810 791 2847 Iul.
814 2813 898 2846 1749
915 2810 957 2845 P.
977 2821 1035 2844 an.
1056 2810 1120 2847 IX.

299 2919 390 2954 Nov.
411 2921 499 2955 bun.
519 2921 559 2954 S.
581 2919 611 2954 Ι.
633 2922 708 2955 293.
734 2939 769 2944 -
789 2920 847 2954 Ex
863 2925 938 2963 typ.
960 2931 1054 2954 cam.
1074 2931 1135 2960 ap.
1156 2921 1188 2963 fb
1742 2921 1886 2955 Bullae.

382 3032 453 3074 42⁴3.
488 3028 616 3083 Cong.
639 3044 674 3071 s.
699 3031 766 3071 rit.
790 3035 832 3071 et
853 3030 940 3072 ind.
959 3055 983 3061 —
1006 3029 1246 3083 Decretum,
1265 3029 1423 3085 absque
1439 3029 1577 3071 brevis
1598 3029 1883 3084 expeditione.
