1989 3252
241 173 384 216 Clem.
408 171 546 216 XIII.
912 195 966 202 —
993 173 1075 213 498
1104 198 1158 204 ——
1699 177 1824 222 1766.

324 260 395 303 78.
428 258 479 300 A.
503 258 551 299 P.
575 258 623 300 R.
648 258 706 300 M.
735 263 804 303 Ad
824 263 1102 316 auyewlam.
1127 286 1153 292 —
1172 261 1305 303 Clem.
1336 261 1443 302 XIII
1464 262 1630 304 clericis
1665 263 1828 316 regula-

241 329 358 370 ribus
392 328 431 371 S.
471 329 507 370 I.
544 330 616 383 qui
651 330 832 372 confessi
871 336 913 372 et
955 331 996 372 d.
1035 333 1329 374 communione
1364 332 1512 375 refecti
1547 334 1733 388 aliquam
1772 348 1826 376 ex

241 401 430 442 ecclesiis
465 401 506 442 d.
531 400 557 442 S
596 400 700 442 feria
722 401 781 442 VI
802 406 992 443 octavam
1027 403 1309 446 solemnitatis
1337 403 1407 445 SS.
1446 403 1639 458 Corporis
1674 406 1829 446 Christi

241 472 484 513 immediate
519 476 721 526 sequente
757 472 905 514 devote
952 475 1229 526 visitaverint,
1267 475 1378 528 plen.
1418 475 1578 528 indulg.
1617 476 1824 518 concedit.

243 542 451 596 Perpetuo
485 543 667 584 valitura
688 559 696 595 3
720 544 926 597 exemplis
965 546 1093 586 etiam
1133 546 1347 598 impressis
1387 559 1513 587 manu
1549 548 1830 598 procuratoris

242 627 336 666 gen.
362 613 401 655 S.
427 613 460 655 Ι.
486 619 529 655 et
549 614 685 667 sigillo
707 614 747 656 d.
773 613 813 656 S.
839 616 1012 656 munitis
1035 615 1141 657 fides
1162 616 1426 658 adhibeatur.

244 680 284 714 R.
309 692 364 724 ap.
387 680 424 713 S.
445 681 493 715 M.
514 681 560 715 M.
582 680 739 716 XXVIII
756 681 845 716 Maii
868 685 949 716 1766
969 682 1008 714 Ρ.
1030 693 1088 716 an.
1111 683 1201 718 VIII.

1682 794 1714 827 Β
1719 794 1828 828 ullae.

325 900 393 943 79.
432 900 823 943 Gratulabundas.
860 923 885 929 —
922 898 1053 940 Clem.
1092 898 1197 940 XIII
1236 899 1358 941 Petro
1398 900 1598 942 Anselmo
1634 901 1837 955 episcopo<

244 970 582 1023 Michaoconen.,
620 970 671 1012 de
710 975 843 1012 const.
869 975 1181 1026 Apostolicum
1234 972 1465 1024 gratulanti
1505 985 1652 1013 causas
1692 973 1830 1025 aperit

245 1041 520 1083 confirmatae
541 1041 582 1083 S.
606 1041 659 1093 1.,
684 1042 947 1083 declaratum
969 1043 1201 1095 oportuisse
1223 1056 1268 1084 se
1298 1043 1445 1085 eadem
1468 1043 1519 1084 de
1539 1043 1739 1085 Instituto
1760 1043 1831 1085 illo

245 1114 400 1154 sentire
441 1127 550 1166 quae
589 1114 786 1154 universa
825 1127 919 1154 cum
959 1113 1355 1166 praedecessoribus
1394 1116 1481 1155 suis
1529 1115 1665 1156 adhuc
1705 1116 1833 1156 sentit

245 1183 452 1237 Ecclesia,
470 1185 676 1226 iustitiam
710 1185 946 1237 postulasse
968 1190 1013 1225 ut
1029 1199 1054 1226 a
1076 1186 1369 1227 criminatione
1404 1186 1717 1226 vindicarentur
1737 1186 1825 1239 qui,

245 1256 357 1310 quod
389 1256 591 1297 adversus
625 1264 847 1298 novatores
881 1257 1133 1298 catholicam
1168 1256 1292 1298 fidem
1328 1263 1370 1298 et
1404 1257 1633 1310 apostolica
1664 1257 1833 1299 decreta

245 1327 536 1379 defenderent,
558 1327 823 1370 divexantur.

246 1395 288 1429 R.
307 1405 367 1437 ap.
389 1394 427 1429 S.
445 1394 494 1428 M.
516 1394 566 1427 M.
587 1394 710 1429 XXIII
727 1394 809 1429 Iun.
830 1397 913 1429 1766
938 1394 977 1428 P.
998 1405 1057 1429 an.
1078 1395 1172 1430 VIII.

244 1503 346 1539 Ball.
366 1503 470 1537 Rom.

330 1627 408 1669 80.
443 1627 568 1667 Nz'lzz‘l
589 1628 803 1668 societate·
823 1630 941 1667 Iesu.
965 1648 990 1654 -
1010 1623 1141 1665 Clem.
1167 1622 1271 1664 XIII
1293 1623 1472 1677 Iosepho
1495 1625 1689 1678 episcopo
1712 1623 1835 1665 Chia-

248 1708 365 1748 pen.‚
389 1694 440 1736 de
474 1700 607 1737 const.
633 1699 942 1752 Apostolicecm
965 1696 1121 1748 gratias
1156 1697 1295 1748 agenti
1329 1700 1511 1737 testatur
1545 1697 1835 1750 episcoporum

247 1763 453 1821 omnium,
490 1767 561 1820 qui
596 1780 688 1808 eam
723 1772 857 1807 const.
896 1767 977 1807 sibi
1012 1766 1211 1819 gratulati
1247 1771 1359 1819 sunt,
1383 1780 1510 1808 unam
1547 1781 1692 1809 vocem
1726 1781 1833 1819 esse,

250 1837 292 1880 S.
317 1837 351 1880 Ι.
378 1837 593 1879 Ecclesiae
629 1838 757 1879 fuisse
779 1847 822 1879 et
853 1852 943 1879 esse
979 1839 1164 1879 maxime
1200 1838 1459 1879 fructuosam
1496 1844 1538 1880 et
1572 1839 1832 1892 frugiferam,

249 1909 385 1951 Deum
416 1917 611 1963 precatur
644 1915 691 1950 ut
710 1923 878 1962 semper
912 1910 973 1950 illi
994 1915 1166 1951 maneat
1200 1911 1242 1950 in
1263 1910 1374 1951 Petri
1408 1909 1557 1952 Sedem
1594 1911 1836 1963 incorrupta

247 1981 351 2022 fides
371 1986 414 2022 et
434 1981 651 2034 praeclara
670 1982 850 2023 devotio.

248 2048 291 2082 R.
310 2059 370 2090 ap.
390 2049 426 2082 S.
447 2048 495 2083 M.
516 2048 565 2082 M.
584 2047 707 2083 XXVI
727 2049 803 2082 Iun.
825 2051 908 2084 1766
928 2049 968 2082 Ρ.
988 2060 1046 2082 an.
1071 2049 1163 2083 VIII.

245 2157 348 2191 Bull.
368 2158 472 2193 Rom.

331 2286 402 2328 81.
437 2282 565 2337 Cong.
592 2297 678 2326 sae.
696 2285 765 2326 rit.
785 2288 827 2325 et
843 2284 928 2326 ind.
949 2309 974 2314 -
992 2283 1166 2326 Petente
1183 2297 1352 2337 procur.
1372 2297 1467 2337 gen.
1487 2283 1529 2325 S.
1549 2282 1582 2324 I.
1604 2283 1647 2324 in
1669 2282 1837 2323 nomine

247 2356 421 2395 rectoris
456 2355 497 2397 S.
522 2355 555 2397 Ι.
580 2356 625 2396 in
645 2355 843 2407 Danzica,
867 2355 907 2397 S.
934 2355 984 2397 D.
1006 2355 1057 2397 N.
1084 2355 1168 2397 ind.
1192 2355 1442 2408 plenariam,
1465 2354 1719 2406 generaliter
1739 2366 1835 2394 con-

249 2440 410 2467 cessam
447 2440 521 2480 pro
560 2427 826 2467 visitantibus
861 2427 1049 2481 aliquam
1084 2426 1187 2468 eccl.
1213 2426 1254 2468 S.
1279 2426 1314 2468 I.
1349 2427 1392 2467 in
1427 2439 1501 2467 sex
1536 2424 1837 2466 festivitatibus

247 2497 318 2539 SS.
338 2497 427 2550 Ign.
446 2496 516 2539 Fr.
536 2496 641 2540 XaV.
663 2497 732 2539 Fr.
752 2497 873 2551 Borg.
899 2498 934 2540 Ι.
959 2498 1025 2540 Fr.
1053 2498 1192 2551 Regis,
1212 2497 1314 2539 Stan
1354 2502 1395 2538 et
1416 2496 1566 2547 Alois„
1586 2495 1639 2537 ad
1657 2495 1837 2537 domini-

249 2582 342 2609 cam
362 2567 474 2608 infra
495 2572 683 2610 octavam
704 2568 948 2610 earumdem
983 2569 1215 2622 respective
1239 2568 1525 2609 *festivitatum
1547 2579 1622 2619 pro
1643 2564 1838 2606 omnibus

249 2639 518 2680 visitantibus
549 2639 651 2681 eccl.
672 2639 850 2693 praefati
873 2640 1036 2694 collegii
1060 2640 1236 2693 benigne
1266 2638 1498 2680 transtulit.
1524 2637 1589 2678 Ex
1611 2649 1718 2678 secr.
1743 2660 1768 2666 —
1794 2635 1834 2677 S.

250 2710 419 2763 Borgia,
441 2724 549 2754 secr.

248 2780 269 2812 9
288 2776 388 2820 Sept.
409 2778 506 2811 1766.

1691 2816 1837 2851 Bullae.

335 2931 409 2973 82.
441 2930 492 2972 A.
516 2928 564 2970 F.
588 2927 639 2972 R.
665 2927 722 2970 M.
748 2931 1029 2972 Animarum
1048 2931 1202 2972 saluti.
1226 2951 1251 2958 -
1271 2927 1403 2969 Clem.
1425 2914 1558 2980 XIII,
1577 2925 1841 2980 supplicante

236 2999 384 3043 Laur.
421 3000 539 3042 Ricci
571 3000 612 3042 S.
636 2999 672 3043 I.
691 2999 840 3053 Praep.
880 2999 987 3041 Gen.
1025 2998 1307 3052 indulgentias
1341 3004 1384 3039 et
1403 2998 1626 3040 facultates
1645 2996 1795 3038 ultimo
1816 3007 1842 3036 a
