1989 3252
92 181 226 225 Alex.
251 181 356 225 VII-
765 201 810 206 -
849 178 928 218 377
957 202 1013 207 —
1546 174 1670 217 1661.

173 271 244 313 61.
279 274 470 324 Erycem·
488 267 618 309 nobis
636 279 798 321 nuper.
823 290 848 294 —
869 264 991 305 Alex.
1013 263 1110 315 VII,
1142 262 1384 316 petentibus
1415 260 1597 314 capitulo
1633 263 1674 300 et

93 340 304 380 canonicis
327 337 518 379 cathedr.
542 335 642 377 eccl.
673 335 828 376 Montis
858 336 1008 388 regalis
1042 349 1156 388 prov,
1195 333 1480 382 Taurinensis,
1504 330 1676 372 mandat

94 411 308 464 (archiepo
330 409 582 459 Taurinen.)
605 412 651 449 ut
672 407 891 448 confirmet
915 407 1180 448 concordiam
1216 406 1268 447 ab
1303 406 1362 446 eis
1396 406 1544 444 initam
1579 416 1673 443 cum

93 479 194 522 cler.
235 480 422 522 eiusdem
458 480 538 520 civ,
577 478 618 520 S.
657 478 691 519 I.
726 479 944 519 occasione
966 478 1220 519 decimarum
1243 478 1286 529 (3
1308 489 1471 516 aureor.
1495 476 1675 522 numm.)

93 564 219 603 super
238 552 264 591 2
283 549 466 603 praediis
487 549 553 589 vel
576 549 730 589 casinis
752 549 796 589 in
816 548 1025 589 territorio
1061 552 1103 588 et
1136 546 1436 588 communitate
1458 543 1529 586 SS.
1556 543 1672 584 Trin.

94 624 137 662 et
157 620 198 662 S.
223 620 378 661 Albani
398 633 474 672 per
493 619 568 659 hos
589 619 820 672 acquisitis.

96 686 140 721 R.
160 697 218 729 ap.
240 686 275 721 S.
296 686 346 721 M.
368 686 416 720 M.
452 685 554 719 XXV
576 685 649 718 Ian.
673 686 755 719 1661
776 684 815 718 Ρ.
835 695 893 718 an.
918 684 974 719 VI.

1302 761 1390 803 Req.
1409 758 1496 792 bull.
1524 757 1580 791 VI.
1602 759 1676 791 168.

178 874 249 917 62.
282 870 431 923 Congr.
458 870 499 912 S.
522 869 609 910 Rit.
632 894 658 900 —
679 869 903 910 Decretum
939 882 1021 922 quo
1055 867 1309 921 approbatur
1342 867 1491 908 electio
1526 866 1568 907 S.
1604 865 1674 908 Fr.

94 942 198 984 Xav.
224 944 267 983 in
289 946 511 995 patronum
535 941 672 981 minus
688 939 965 993 principalem
985 939 1063 979 civ.
1083 938 1265 980 Stabien¹
1287 951 1361 979 seu
1377 937 1514 979 Castri
1529 936 1673 979 Maris.

94 1011 135 1043 12
153 1009 261 1042 Mart.
282 1010 377 1043 1661.

1418 1079 1568 1114 Elench.
1587 1081 1676 1113 bule.

178 1195 250 1239 63.
282 1193 333 1235 A.
359 1193 405 1234 F.
429 1192 478 1234 R.
505 1191 563 1233 M.
591 1199 698 1236 Cum
715 1194 833 1235 sicul
853 1194 1127 1247 accepimus.
1152 1214 1178 1219 -
1198 1188 1318 1229 Alex.
1344 1187 1425 1228 VII
1455 1201 1677 1240 congrega-

96 1265 200 1306 tioni
220 1278 361 1317 gener.
384 1263 425 1305 S.
450 1263 484 1305 l.
511 1263 757 1304 facultatem
780 1262 972 1303 concedit
993 1261 1172 1314 eligendi
1200 1260 1416 1301 Vicarium
1444 1258 1677 1311 Praepositi

94 1336 244 1377 Gener.
269 1335 449 1377 Goswini
471 1334 622 1375 Nickel
642 1338 893 1387 perpetuum
915 1347 1009 1374 cum
1033 1334 1121 1373 iure
1143 1332 1430 1373 successionis.

90 1401 135 1436 R.
156 1413 213 1444 ap.
234 1401 270 1436 S.
293 1401 341 1435 M.
361 1401 410 1435 M.
431 1401 542 1435 IIun.
567 1403 647 1435 1661
668 1400 707 1434 Ρ.
727 1411 785 1433 an.
809 1399 872 1434 VII

94 1512 193 1546 Bulc.
213 1512 321 1545 Rom.
341 1531 382 1535 —
401 1511 493 1545 Nov.
515 1512 600 1544 bull.
623 1511 656 1544 S.
676 1510 706 1544 I.
728 1512 789 1545 180
1224 1509 1311 1551 Res).
1332 1507 1417 1541 buil.
1443 1506 1505 1541 VI.
1528 1509 1597 1541 169.
1619 1506 1676 1548 (1).

175 1622 246 1666 64.
282 1622 465 1676 Eoeponz‘
484 1622 612 1663 nobes
632 1634 794 1675 nuper.
821 1643 845 1648 -
866 1618 990 1659 Alex.
1014 1617 1096 1658 VII
1113 1621 1190 1670 epo
1210 1616 1463 1656 Namurcen.
1483 1620 1524 1657 et
1539 1616 1675 1656 archi-

94 1691 266 1732 diacono
288 1691 329 1732 d.
353 1691 569 1741 ecclesiae,
594 1690 834 1743 petentibus
856 1703 1000 1742 praep.
1026 1703 1140 1742 prov,
1165 1687 1495 1740 Gallo-belgicae
1518 1691 1560 1728 et
1589 1700 1676 1728 rec-

90 1765 182 1802 tore
217 1761 314 1802 coll.
353 1760 606 1801 Nivellensis
642 1760 683 1801 S.
723 1759 776 1812 1.‚
815 1760 1041 1800 committit
1077 1765 1121 1800 ut
1159 1759 1410 1799 auctoritate
1444 1757 1677 1810 apostolica

90 1832 220 1885 gratis
241 1831 474 1885 approbent
494 1837 536 1872 et
557 1830 807 1872 confirment
827 1832 1152 1872 transactionem
1174 1831 1322 1870 initam
1344 1842 1471 1882 super
1491 1829 1674 1880 assigna-

93 1903 207 1944 tione
228 1902 328 1944 olim
349 1916 374 1944 a
394 1902 551 1943 Ioanne
573 1902 736 1943 Dauvin
757 1906 833 1955 epo
870 1901 1124 1943 Namurcen.
1164 1901 1381 1942 occasione
1416 1899 1674 1941 fundationis

93 1973 132 2014 d.
158 1973 322 2026 collegii
342 1974 455 2014 facta
476 1986 550 2026 pro
571 1973 784 2014 alimentis
805 1973 1051 2014 clericorum
1073 1972 1113 2013 d.
1139 1973 1179 2013 S.
1214 1973 1386 2013 iuvenes
1417 1971 1672 2022 docentium,

90 2057 149 2085 se.
172 2044 252 2085 ¹700
274 2044 526 2085 florenorum
549 2059 557 2096 ;
581 2044 808 2096 assignatio
845 2044 1041 2097 deinceps
1076 2043 1151 2084 fiat
1190 2046 1265 2083 190
1302 2043 1344 2084 fl.
1370 2056 1422 2083 ex
1443 2040 1673 2083 redditibus

89 2115 238 2155 annuis
259 2115 489 2167 legatorum
512 2115 705 2166 duorum,
731 2114 983 2167 Margaritae
1005 2115 1055 2155 de
1077 2114 1115 2155 N
1119 2114 1254 2166 oyelle
1276 2118 1318 2154 et
1337 2113 1479 2154 Iacobi
1499 2112 1641 2153 Gilain
1662 2128 1670 2163 ;

89 2185 218 2226 semel
239 2190 512 2227 numerentur
534 2188 613 2227 200
635 2185 676 2226 fl.
704 2199 775 2239 per
796 2192 1057 2238 receptorem
1075 2186 1289 2226 seminarii
1305 2183 1570 2233 Nivelleusis,
1588 2189 1668 2224 etc.

89 2259 212 2308 prout
230 2256 273 2296 in
293 2257 569 2297 instrumento
590 2255 757 2309 publico
781 2258 829 2297 13
850 2255 943 2297 Iun.
972 2258 1090 2298 1659.

87 2320 132 2355 R.
153 2332 210 2364 ap.
230 2322 266 2355 S.
285 2322 334 2356 Μ.
355 2322 403 2355 Μ.
424 2323 510 2357 XIII
528 2324 621 2365 Aug.
647 2326 723 2357 1661
747 2323 787 2356 P.
807 2334 864 2355 an.
887 2322 964 2357 VII.

93 2397 252 2432 Anal....
273 2397 357 2431 hist.
378 2399 462 2432 eccl.
483 2399 663 2438 Low-ain,
683 2398 754 2432 III.
775 2401 871 2433 1886.
893 2410 925 2440 p.
945 2401 1020 2433 438.
1294 2399 1379 2441 Rey.
1400 2398 1486 2430 hall.
1516 2397 1574 2430 VI.
1598 2399 1669 2430 170.

170 2508 240 2550 65.
274 2505 325 2547 A.
352 2505 399 2546 F.
423 2505 460 2546 R
507 2505 564 2546 M.
591 2509 720 2549 Alias
741 2522 822 2549 nos
845 2510 1035 2550 (illectis.
1076 2531 1101 2536 —
1135 2506 1257 2547 Alex,
1295 2505 1376 2546 VII
1412 2504 1590 2546 electum
1624 2505 1669 2544 in

89 2574 239 2628 Congr.
262 2589 356 2628 gen.
386 2574 599 2616 Vicarium
635 2576 740 2617 Gen.
782 2582 1027 2630 perpetuum
1065 2590 1157 2616 cum
1195 2578 1284 2617 iure
1319 2575 1569 2616 succedendi
1604 2574 1663 2615 Io.

88 2646 212 2688 Paul.
233 2646 395 2687 Olivam
417 2646 635 2687 confirmat
656 2653 697 2687 et
718 2647 1002 2688 ordinationes
1027 2661 1077 2688 ac
1106 2646 1412 2688 declarationes
1443 2659 1666 2699 congrega-

89 2718 214 2758 tionis
235 2717 286 2758 de
305 2717 420 2758 illius
440 2717 726 2758 iurisdictione
748 2723 838 2758 rata
858 2718 999 2760 habet.

90 2784 132 2817 R.
151 2795 207 2826 ap.
229 2784 265 2817 S.
287 2784 334 2817 M.
353 2784 403 2818 M.
424 2784 530 2818 XXX
550 2787 642 2826 Aug.
664 2786 743 2818 1661
768 2784 806 2817 P.
827 2795 884 2818 an.
908 2784 981 2819 VII.

86 2887 186 2920 Bull.
206 2887 311 2920 Rom.
330 2905 372 2910 —-
392 2886 483 2921 Nov.
505 2887 592 2920 hall.
613 2887 646 2920 S.
667 2887 696 2921 I.
719 2890 790 2922 182.
1290 2890 1379 2933 Rey.
1400 2890 1488 2922 hall.
1515 2890 1568 2923 VI.
1592 2891 1664 2924 171.

150 2995 195 3037 (1)
217 2995 269 3029 ΙΙ).
290 2994 450 3038 Epistola
469 2995 509 3029 P.
530 2995 659 3029 Nickel
678 2995 714 3029 id
731 2996 887 3038 petentis
905 2997 948 3030 ad
969 2997 1071 3031 Alex.
1093 2997 1170 3032 VII.
