1989 3252
274 193 414 237 Pauli
433 193 487 237 V.
946 219 998 224 —-
1027 195 1107 236 290
1137 221 1191 225 —
1726 198 1858 243 1620.

272 292 404 321 annos
437 278 718 320 renovandam
753 280 831 321 sub
867 294 1026 323 canone
1061 297 1199 324 annuo
1236 283 1254 324 Ι
1297 284 1429 325 librae
1460 297 1582 324 cerae
1614 283 1856 326 elaboratae

275 351 452 391 obtinet.

274 416 315 450 R.
336 427 394 459 ap.
415 416 451 449 S.
472 416 519 451 M.
543 416 591 450 M.
613 417 662 452 VI
680 417 727 451 id.
748 418 855 452 Mart.
879 420 963 454 1619
983 420 1022 453 Ρ.
1043 431 1104 456 an.
1123 420 1203 455 XV.

1466 531 1555 574 Rey.
1575 530 1666 564 hall.
1694 530 1730 563 V.
1752 533 1804 565 19.
1827 530 1861 564 b.

356 637 459 682 7238.
488 638 561 680 Ad
580 640 844 694 auyendam
862 641 1084 692 fidelium.
1120 663 1146 669 -
1181 638 1303 680 Paul.
1332 638 1367 680 V
1402 638 1706 692 indulgentiam
1742 639 1858 693 plen.

276 707 469 749 concedit
500 707 696 749 fidelibus
732 710 803 763 qui
843 723 877 750 s.
901 711 1194 752 communione
1228 710 1375 752 refecti
1405 711 1672 752 visitaverint
1692 712 1735 752 in
1755 711 1861 753 festo

275 779 587 832 Assumptionis
617 780 666 821 B.
690 779 748 821 M.
774 779 824 822 V.
849 785 891 822 et
909 780 950 823 S.
985 780 1170 823 Thomae
1203 782 1390 836 aliquam
1425 795 1478 823 ex
1507 784 1533 824 2
1566 782 1755 824 ecclesiis
1792 796 1867 836 per

276 851 519 903 episcopum
553 849 855 904 Clanganoren.
880 854 1162 906 nominandis,
1185 867 1294 908 quae
1329 858 1472 895 tamen
1493 867 1576 895 non
1596 855 1680 895 sint
1702 855 1863 896 monia-

276 921 397 964 lium.
420 922 486 963 Ad
509 924 560 964 15
582 936 728 965 annos,

277 987 316 1022 R.
341 999 398 1031 ap.
419 987 457 1024 S.
475 988 523 1023 M.
545 989 593 1023 M.
615 988 704 1025 XXI
721 990 831 1026 Mart.
853 991 893 1025 P.
913 1001 971 1026 an.
993 991 1074 1026 XV.

1538 1100 1626 1145 Req.
1646 1101 1733 1134 buu.
1757 1100 1795 1135 V.
1815 1103 1869 1136 24.

363 1209 464 1255 239.
501 1211 758 1253 pastoralis
777 1212 915 1263 officii
933 1224 1060 1252 cura.
1098 1232 1124 1238 -
1164 1207 1281 1250 Paul.
1327 1207 1379 1261 V,
1418 1209 1662 1262 petentibus
1702 1214 1863 1252 rectore

281 1286 325 1322 et
359 1280 648 1334 collegialibus
682 1279 779 1320 coll.
803 1278 843 1320 S.
868 1277 902 1320 I.
927 1279 970 1319 in
999 1279 1079 1320 ciV.
1106 1277 1287 1332 Eduen.,
1312 1279 1485 1322 mandat
1506 1280 1673 1323 officiali
1694 1281 1860 1324 Eduen.

281 1356 330 1393 ut
348 1366 444 1394 cum
465 1351 507 1394 d.
543 1351 719 1404 collegio
753 1351 873 1391 uniat
906 1351 1140 1403 prioratum
1163 1350 1205 1392 S.
1228 1350 1395 1405 Georgii
1411 1351 1462 1393 de
1483 1352 1650 1394 Colchis
1670 1353 1792 1406 vulgo
1814 1352 1866 1395 de

283 1422 474 1465 Couches
507 1437 632 1464 nunc.
656 1422 690 1464 O
729 1421 769 1464 S.
793 1421 896 1463 Ben.
923 1421 1083 1463 Eduen.
1118 1421 1239 1464 dioec.
1277 1435 1303 1464 a
1335 1422 1428 1465 Nic.
1468 1423 1665 1466 Couchon
1699 1438 1747 1466 eo
1786 1423 1871 1466 fine

280 1496 555 1548 resignatum,
577 1508 603 1536 a
624 1494 875 1536 monasterio
897 1492 948 1534 de
969 1492 1240 1546 Flavigniaco
1275 1495 1520 1537 eorumdem
1542 1495 1641 1537 Ord.
1667 1500 1709 1537 et
1730 1496 1864 1538 dioec.

283 1565 590 1620 dependentem
603 1581 612 1618 3
626 1565 886 1607 conditiones
901 1564 954 1605 ab
966 1563 1187 1606 Edmundo
1205 1565 1464 1608 deGriselles
1478 1566 1634 1609 abbate
1651 1566 1692 1609 d.
1705 1581 1870 1609 monas-

283 1639 380 1680 terii
397 1637 531 1680 factas
564 1638 876 1691 circumspiciat
905 1638 941 1678 si
961 1637 1067 1679 forte
1089 1637 1293 1678 simoniae
1314 1637 1431 1679 labes
1460 1642 1535 1680 aut
1555 1639 1698 1694 aliqua
1720 1639 1871 1681 illicita

278 1711 417 1764 pactio
438 1723 492 1752 ex
519 1715 641 1763 parte
660 1708 699 1750 N
702 1709 842 1762 icolai,
866 1710 1057 1762 rectoris,
1080 1709 1376 1762 collegialium‚
1402 1709 1614 1752 Edmundi
1650 1716 1693 1752 et
1721 1724 1867 1753 mona-

283 1782 475 1833 chorum,
497 1786 679 1835 quatuor
699 1795 890 1832 numero,
914 1782 1166 1835 reperiatur.

281 1847 326 1883 R.
346 1858 404 1892 ap.
425 1847 460 1882 S.
480 1848 530 1882 M.
551 1847 599 1882 M.
619 1847 669 1882 IV
690 1858 772 1881 non.
793 1850 879 1890 Apr.
901 1850 986 1882 1620
1005 1848 1047 1883 P.
1066 1859 1124 1882 an.
1145 1847 1226 1883 XV.

1489 1958 1575 2002 Req.
1594 1958 1681 1993 buu.
1705 1958 1744 1993 V.
1767 1960 1817 1993 13.
1838 1958 1872 1993 b.
