1989 3252
118 231 258 274 Pauli
277 231 332 274 V.
782 253 835 258 —
863 230 943 269 263
972 253 1027 259 —-
1564 229 1687 273 1613.

118 318 384 370 Pontificis..
408 315 583 357 authore
608 314 664 356 M.
688 314 852 357 Becano
873 315 914 356 S.
935 315 970 357 I.
993 315 1200 369 prohiberi
1221 315 1392 356 mandat
1412 314 1542 356 donec
1563 315 1689 356 corri-

116 391 238 440 gatur
257 402 265 438 ;
283 389 308 428 5
326 386 476 428 Cardd.
496 400 621 439 super
640 386 840 427 librorum
860 387 1149 439 permissione,
1168 387 1482 439 prohibitione..
1501 385 1689 440 deputati

115 459 158 499 in
179 457 364 499 secunda
384 458 516 499 classe
536 457 690 498 Indicis
712 457 993 511 reponendum
1015 462 1198 499 censent.

115 527 158 559 30
173 524 249 559 Ian.
272 525 367 559 1613.

112 645 213 680 Ann.
232 646 278 679 de
296 645 333 678 la
352 645 386 679 S.
406 646 469 679 des
485 645 555 679 s-d.
576 645 744 685 Jeszcz'tes,
765 646 860 685 1765,
878 644 923 680 Π.
941 646 1003 680 557
1020 646 1076 687 (ex
1094 644 1293 687 Dargentre
1309 644 1358 680 ΙΙ2
1373 646 1440 685 71).

190 767 290 812 132.
320 772 393 809 Ex
412 770 614 809 iniuncto
642 769 785 808 nobis.
818 789 845 794 —
874 763 997 806 Paul.
1030 763 1065 803 V
1097 763 1252 805 decano
1282 764 1383 805 eccl.
1415 763 1626 806 Palentin.
1651 769 1693 806 et

113 835 280 878 officiali
300 836 506 878 Palentin.
530 836 757 877 committit
778 841 824 876 ut
844 836 1014 876 attentis
1034 835 1114 876 litt.
1135 835 1256 876 Pauli
1276 835 1335 888 II,
1351 842 1456 880 Cam
1478 839 1526 879 z'n
1547 839 1691 880 onmi-

111 910 191 952 bus
212 911 414 959 iudiciis,
437 907 656 949 confirmet
685 907 947 948 concordiam
979 908 1087 948 inter
1116 906 1419 948 Provincialem
1449 906 1490 948 S.
1513 907 1547 949 Ι.
1572 921 1687 961 prOV.

112 978 318 1021 Castellae
349 983 390 1020 et
420 979 617 1020 Ioannem
648 978 838 1027 Quixada
868 977 918 1019 de
949 978 1129 1031 Ocampo
1161 978 1375 1019 dominum
1406 979 1448 1019 in
1468 978 1686 1032 temporal.

111 1049 254 1104 oppidi
273 1050 324 1091 de
347 1049 602 1103 Villagarcia
621 1049 829 1091 Palentin.
855 1049 983 1090 dioec.
1010 1050 1156 1090 initam
1187 1063 1312 1103 super
1338 1051 1588 1103 possessorio
1614 1064 1688 1092 seu

110 1122 236 1163 etiam
253 1122 446 1175 petitorio
469 1121 611 1175 oppidi
633 1136 706 1162 seu
729 1121 807 1162 1001
829 1121 879 1162 (19
900 1120 1162 1173 Villamayor
1182 1120 1313 1163 eiusd.
1339 1121 1470 1163 dioec.
1493 1121 1691 1175 illiusque

110 1192 411 1235 iurisdictionis
426 1198 466 1234 91
483 1193 672 1245 (1011111111,
696 1193 806 1247 quod
822 1193 1055 1234 Ludovicus
1072 1192 1263 1242 Quixada
1279 1194 1541 1234 maioricatui
1554 1194 1689 1235 incor-

109 1266 248 1318 porari
270 1265 403 1306 voluit
424 1268 466 1305 et
485 1263 624 1318 Magd.
650 1263 775 1306 Ulloa
798 1265 997 1306 Ludovici
1018 1264 1143 1305 vidua
1163 1264 1333 1305 donavit
1354 1264 1551 1318 hospitali
1571 1266 1690 1306 cuius

109 1335 417 1376 administratio
439 1335 687 1376 Provinciali
710 1335 926 1376 incumbit.

108 1401 153 1436 R.
173 1414 230 1445 ap.
252 1401 287 1436 S.
308 1402 347 1436 P.
368 1402 421 1437 IX
437 1402 511 1436 kal.
531 1402 617 1436 Feb.
640 1405 723 1437 1612
743 1402 782 1436 P.
802 1413 859 1436 an.
880 1402 974 1437 VIII.

1165 1523 1251 1565 Rey.
1271 1523 1358 1557 bull.
1378 1523 1445 1557 IV.
1467 1525 1540 1557 199.
1561 1523 1594 1563 b,
1612 1525 1688 1558 209.

191 1647 288 1691 133.
323 1651 395 1688 Eoe
440 1649 642 1688 iniuncto
687 1647 894 1701 desuper.
937 1669 963 1675 —
1001 1644 1121 1686 Paul.
1164 1643 1200 1684 V
1242 1644 1535 1686 archidiacono
1584 1647 1684 1688 eccl.

107 1714 282 1757 Ianuen.
306 1720 348 1756 et
367 1716 446 1756 vic.
470 1729 562 1768 gen.
589 1716 784 1769 Archiep.
810 1715 983 1757 Ianuen.
1008 1716 1231 1757 committit
1260 1721 1322 1767 ut,
1346 1717 1517 1757 attentis
1536 1716 1688 1758 litteris

107 1786 227 1827 Pauli
248 1785 290 1828 II
309 1794 412 1831 Cum
436 1792 482 1829 in
504 1790 713 1830 omnibus
733 1790 931 1834 iudiciis,
952 1792 1118 1840 petente
1140 1787 1371 1840 Papiniano
1388 1787 1563 1829 Denalio
1586 1788 1686 1830 cler.

104 1857 276 1910 Regien.
300 1859 428 1900 vicar.
453 1872 544 1910 gen.
570 1858 737 1899 Horatii
760 1858 826 1899 Pr.
854 1858 974 1899 Card.
1000 1858 1194 1911 Spinolae
1224 1873 1348 1900 nunc.
1383 1859 1486 1900 9001.
1509 1859 1684 1901 Ianuen.

102 1929 309 1982 praesulis
331 1943 378 1970 ac
398 1929 450 1971 ad
471 1930 658 1982 regimen
681 1929 951 1970 ecclesiarum
974 1931 1151 1971 invicem
1176 1930 1387 1971 unitarum
1409 1929 1450 1971 S.
1471 1930 1528 1973 M.
1554 1932 1686 1972 invio-

102 1999 212 2041 latae
233 2005 276 2042 et
296 2000 337 2042 S.
362 2001 538 2042 Adriani
559 2001 609 2042 (19
632 2001 863 2054 Tregandio
885 2002 990 2043 alias
1008 2002 1058 2043 de
1076 2001 1254 2055 Tregoso
1276 2002 1452 2043 Ianuen.
1476 2016 1552 2056 per
1572 2003 1684 2044 litte-

101 2085 169 2112 ras
190 2070 376 2126 Cipionis
397 2073 462 2114 tit.
488 2071 732 2126 Chrisogoni
754 2073 820 2114 Pr.
846 2073 968 2114 Card.
988 2073 1206 2126 Burghosii
1230 2074 1294 2114 sui
1315 2087 1366 2115 ex
1387 2087 1469 2115 sor.
1488 2088 1687 2127 germana

103 2144 267 2196 nepotis
283 2144 526 2197 specialiter
543 2144 760 2197 deputato,
774 2158 934 2186 necnon
952 2144 1104 2186 Iacobo
1122 2145 1172 2187 de
1195 2144 1320 2186 Cavei
1332 2146 1387 2199 (12)
1410 2145 1557 2199 Praep.
1574 2146 1683 2188 dom.

101 2215 210 2268 prof.
243 2215 283 2257 S.
317 2215 352 2257 I.
385 2215 579 2267 Ianuen.,
612 2216 779 2257 domum
810 2217 1021 2270 quandam
1052 2218 1094 2257 in
1124 2218 1202 2258 civ.
1236 2217 1412 2259 Ianuen.
1447 2222 1490 2259 et
1519 2219 1610 2259 vico
1638 2218 1689 2260 de

104 2285 338 2327 Voltalione
368 2286 474 2327 alias
503 2287 553 2328 de
584 2287 797 2328 Pettenari
828 2288 981 2330 valoris
1010 2289 1053 2328 in
1075 2289 1272 2341 propriet.
1298 2291 1376 2330 500
1408 2289 1500 2330 duc.
1525 2290 1616 2330 auri
1637 2289 1687 2331 de

102 2371 285 2407 camera,
307 2371 382 2411 pro
402 2358 674 2411 ampliatione
695 2358 879 2400 fabricae
909 2359 1020 2400 dom.
1044 2360 1151 2413 prof.
1176 2361 1455 2401 necessariam
1478 2360 1517 2402 d.
1542 2361 1684 2402 domui

100 2427 207 2482 cedi,
243 2434 286 2470 et
319 2430 361 2469 in
391 2442 702 2483 recompensam
736 2428 883 2472 directi
915 2430 1088 2472 dominii
1119 2431 1228 2472 bona
1258 2431 1428 2473 stabilia
1458 2431 1496 2473 d.
1531 2431 1684 2474 valoris

103 2501 306 2553 assignari
327 2506 459 2542 curet.

102 2565 143 2600 R.
163 2577 222 2609 ap.
242 2565 278 2600 S.
299 2566 349 2600 M.
369 2566 420 2601 III
437 2567 483 2599 id.
505 2567 592 2600 Feb.
614 2569 698 2602 1612
715 2567 759 2601 P.
777 2578 836 2601 an.
857 2567 950 2603 VIII.

1300 2691 1388 2734 Rey.
1408 2690 1498 2724 bun.
1517 2691 1584 2725 IV.
1607 2693 1681 2727 197.

180 2811 278 2853 1:34.
297 2808 418 2850 Pauli
436 2808 471 2848 V
488 2809 636 2860 Breve,
654 2808 919 2851 concedentis
935 2814 1093 2864 septem
1110 2811 1297 2852 ecclesiis
1313 2812 1426 2852 civit.
1439 2811 1666 2853 Bononien.

101 2879 266 2920 easdem
288 2880 564 2933 indulgentias
586 2894 692 2934 quae
714 2887 870 2934 septem
893 2882 1079 2923 ecclesiis
1100 2881 1227 2923 Urbis
1249 2882 1371 2924 datae
1392 2887 1502 2924 sunt.

97 2945 219 2981 XXVI
237 2946 338 2980 Febr.
364 2949 442 2981 1612
462 2946 498 2981 Ρ.
519 2957 577 2979 an.
598 2947 660 2980 IX.

1014 3070 1136 3105 Fund.
1156 3071 1234 3103 coll.
1256 3070 1289 3103 Sv
1310 3071 1444 3104 Luciae
1462 3071 1666 3103 Bononien.
