1989 3252
81 206 220 251 Pauli
239 206 290 249 V.
743 226 798 233 —
825 201 905 243 26¹7
932 225 988 232 —-
1525 197 1649 241 1614.

85 290 435 342 denuntiationes,
478 289 734 330 ceremonias
772 287 1007 339 omittendi,
1047 286 1205 341 prolem
1245 285 1473 339 legitimam
1514 282 1651 325 decla-

83 362 218 414 randi,
242 363 331 403 sine
352 361 598 402 ceremoniis
618 359 867 413 baptisandi.

88 429 131 463 R.
157 439 214 472 ap.
234 428 269 462 S.
292 427 332 461 Ρ.
351 427 437 462 XVI
455 426 541 460 Maii
562 429 646 461 1614
664 427 704 461 P.
723 437 781 460 an.
804 425 865 460 IX.

885 534 1036 569 Elench.
1057 534 1142 568 bun.
1163 553 1203 558 -—
1221 534 1306 575 Rey.
1327 534 1417 567 buu.
1437 533 1498 567 IV.
1519 534 1580 567 211
1614 532 1648 565 b.

165 648 264 692 146.
301 653 407 691 Cum
438 662 515 690 vos
550 654 595 689 m
623 651 779 702 partes
809 647 1086 688 Babilom'ae.
1111 669 1136 673 -
1166 642 1285 684 Paul.
1307 641 1344 682 V
1375 641 1520 682 Ioanni
1555 643 1650 682 Ant.

83 717 279 760 Marietto
310 722 352 759 et
380 717 504 758 Petro
536 716 809 758 Metaschitae
839 715 975 769 presb.
1009 714 1050 756 S.
1083 714 1118 756 Ι.
1151 715 1265 755 iussu
1296 713 1336 755 S.
1371 712 1585 753 Pontificis
1613 712 1656 752 in

81 795 221 845 partes
241 789 376 830 Babil.
401 789 538 841 ituris,
558 802 825 843 quoscunque
847 789 887 828 in
907 787 1092 841 partibus
1115 787 1238 827 Asiae
1264 786 1493 827 Turcarum
1524 784 1656 825 domi-

82 862 151 902 nio
172 861 371 902 subiectis
392 860 649 911 absolvendi,
668 861 711 900 in
727 860 852 900 variis
869 858 1152 912 dispensandi,
1166 858 1311 898 altaris
1328 855 1553 910 portatilis,
1566 854 1651 896 ind.

82 931 296 985 plenariae
317 930 539 972 facultates
560 931 807 983 impertitur.

87 997 134 1032 R.
151 1007 208 1041 ap.
229 997 264 1032 S.
286 997 328 1031 P.
349 997 504 1032 XXVIII
523 996 611 1031 Maii
630 999 712 1031 1614
732 996 772 1030 Ρ.
792 1007 850 1029 an.
870 995 934 1030 IX.

1267 1105 1356 1148 Κεφ.
1377 1103 1465 1138 bull.
1486 1104 1554 1137 IV.
1575 1106 1652 1138 211.

164 1229 258 1273 147.
295 1235 399 1272 Cam
421 1233 469 1271 tu
488 1229 710 1283 desuper.
730 1232 911 1270 tuorum
933 1229 1126 1269 lieentia.
1157 1250 1183 1255 -
1217 1224 1337 1265 Paul.
1374 1224 1405 1265 V
1437 1222 1658 1264 Francisco

88 1296 283 1340 Canelael
304 1298 339 1349 (ἶ)
369 1297 583 1350 Canilhac)
615 1297 751 1351 presb.
779 1297 820 1339 S.
853 1297 887 1338 I.
921 1297 972 1338 ad
1005 1296 1407 1349 Hierosolymitanas
1437 1300 1576 1348 partes
1607 1308 1658 1335 ex

86 1370 188 1412 urbe
209 1369 408 1411 CPlitana
428 1384 509 1424 quo
529 1383 573 1411 se
595 1370 782 1411 conferre
804 1370 956 1422 cogitat
988 1370 1097 1410 ituro
1128 1381 1395 1422 quoscunque
1425 1368 1467 1408 in
1494 1367 1658 1420 provin-

85 1442 160 1483 ciis
181 1451 224 1483 et
248 1441 437 1495 partibus
468 1442 699 1482 Turcarum
731 1442 913 1483 dominio
943 1441 1140 1481 subiectis
1170 1438 1426 1485 absolvendi,
1463 1439 1503 1479 in
1535 1438 1660 1479 variis

87 1511 368 1565 dispensandi,
410 1512 555 1553 altaris
594 1512 817 1566 portatilis,
850 1511 1133 1564 indulgentiae
1164 1510 1376 1564 plenariae
1417 1509 1661 1550 facultatem

87 1583 293 1626 concedit.

93 1650 136 1684 R.
156 1660 212 1692 ap.
234 1649 269 1684 S.
289 1649 342 1684 Μ.
361 1649 407 1683 M.
428 1649 509 1685 VIII
526 1649 592 1684 Iul.
616 1651 698 1685 1614
717 1649 756 1683 Ρ,
777 1660 835 1683 an.
855 1650 900 1683 X.

1277 1760 1364 1802 Rey.
1385 1758 1474 1791 bull.
1495 1758 1560 1792 IV.
1579 1760 1653 1793 213.

167 1870 266 1914 148.
302 1870 372 1911 Ad
392 1874 533 1923 apost.
558 1871 800 1924 <liquimus
819 1872 1031 1923 offioz'mn.
1055 1893 1080 1898 -
1103 1866 1284 1919 Pau1.V,
1303 1871 1470 1920 petente
1487 1864 1662 1906 Claudio

89 1940 306 1994 Aquaviva
326 1939 472 1993 Praep.
496 1940 598 1981 Gen.
622 1939 662 1982 S.
689 1941 721 1981 I.
748 1941 976 1993 prioratum
1007 1939 1048 1981 S.
1074 1939 1225 1980 Donati
1255 1938 1343 1980 ord.
1374 1938 1414 1979 S.
1440 1937 1660 1991 Augustini

88 2013 274 2054 canonic.
298 2012 430 2066 regul.
455 2012 660 2053 Viennen.
686 2012 816 2053 dioec.
842 2013 883 2053 in
906 2013 1115 2066 provincia
1138 2012 1414 2065 Delphinatus
1434 2024 1459 2051 a
1489 2023 1661 2062 praepo-

87 2084 222 2125 situra
241 2084 282 2126 S.
309 2084 522 2126 Laurentii
542 2083 703 2125 Ultien.
728 2083 766 2124 d.
797 2083 886 2125 ord.
910 2083 1114 2125 Iamnien.
1139 2084 1270 2124 dioec.
1295 2082 1597 2135 dependentem
1634 2095 1659 2122 a

88 2155 244 2197 Ioanne
267 2155 453 2197 Cliosson
474 2155 612 2208 presb.
638 2156 892 2208 resignatum
915 2169 1009 2196 cum
1040 2155 1134 2196 coll.
1159 2156 1199 2196 S.
1224 2155 1256 2195 1.
1282 2154 1423 2207 oppidi
1455 2153 1657 2194 Turnonii

91 2225 355 2268 Valentinen.
379 2226 580 2268 dioecesis
602 2227 710 2268 unit.
734 2226 911 2267 Fructus
932 2226 971 2267 d.
996 2228 1203 2280 prioratus
1225 2232 1265 2266 et
1300 2225 1341 2267 S.
1367 2225 1576 2266 Vincentii
1611 2223 1662 2265 de

90 2296 221 2339 Chate
260 2298 522 2352 aliorumque
570 2298 710 2339 forsan
744 2312 1001 2339 annexorum
1037 2311 1200 2338 annuus
1235 2299 1313 2338 330
1349 2296 1442 2337 duc.
1479 2295 1664 2336 Accedat

91 2382 315 2410 consensus
351 2368 594 2420 Hieronymi
633 2369 772 2419 Biragi
805 2359 1062 2410 modernid.
1097 2369 1304 2421 prioratus
1334 2367 1559 2421 praepositi
1590 2380 1662 2407 seu

91 2440 280 2493 perpetui
300 2439 643 2480 commendatarii
665 2444 706 2480 et
726 2437 859 2492 Crisp.
886 2439 1003 2480 Podii
1024 2439 1179 2480 Prioris
1200 2438 1450 2479 claustralis.

92 2505 136 2540 R.
153 2515 209 2548 ap.
231 2504 266 2539 S.
287 2505 337 2538 M.
358 2505 406 2538 M.
424 2504 474 2540 IV
490 2504 564 2538 kal.
585 2506 680 2548 Aug.
700 2508 783 2540 1614
801 2505 842 2539 P.
861 2516 919 2539 an.
940 2505 984 2538 X.

1291 2614 1378 2655 Rey.
1397 2612 1484 2646 bun.
1505 2611 1568 2646 IV.
1588 2614 1663 2646 226.

174 2741 272 2783 149.
307 2745 378 2782 Em
398 2744 599 2783 {2222me
620 2742 759 2782 nohis.
782 2763 807 2769 —
829 2738 948 2779 Paul.
968 2737 1004 2778 V
1021 2739 1258 2792 primicerio
1274 2737 1376 2779 eccl.
1397 2737 1663 2790 Neapolitan.

94 2814 137 2852 et
169 2810 247 2851 vic.
286 2823 380 2862 gen.
420 2809 616 2862 Archiep.
637 2809 770 2862 Neap.
813 2811 1037 2850 committit
1070 2815 1116 2850 ut
1150 2810 1322 2850 attentis
1356 2809 1437 2850 litt.
1471 2808 1591 2849 Pauli
1625 2807 1667 2848 II

98 2888 204 2925 Cum
232 2889 278 2924 2’72
309 2885 517 2925 ommibus
546 2884 744 2931 iudiciis,
777 2881 993 2932 concedat,
1026 2882 1059 2921 si
1090 2882 1132 2921 in
1163 2880 1395 2922 evidentem
1427 2879 1666 2931 utilitatem,

95 2952 228 2994 Priori
250 2957 293 2993 et
312 2966 426 2993 conv.
454 2952 599 2993 domus
622 2953 666 2994 Β.
693 2952 750 2994 M.
775 2951 946 2993 Maioris
964 2951 1074 2994 della
1093 2952 1228 3005 gratia
1248 2965 1372 2992 nunc.
1396 2950 1664 3004 Neapolitan.

97 3027 140 3067 et
160 3023 259 3065 Ord.
282 3023 453 3066 Patrum
483 3023 793 3066 Heremitarum
824 3023 865 3065 S.
889 3023 1138 3080 Hieronymi
1167 3023 1495 3080 congregationis
1524 3022 1571 3065 Β.
1606 3021 1663 3064 Μ.
