1989 3252
95 207 267 251 Bened.
291 206 417 250 XIV.
768 232 822 238 -—
849 208 931 249 467
961 233 1016 239 —
1546 210 1673 253 1744.

178 295 245 337 14.
280 292 406 345 Cong.
431 306 517 334 sac.
540 294 609 335 rit.
634 298 676 335 et
696 293 784 336 ind.
804 320 829 325 -
850 294 1067 338 Ecclesiae
1088 296 1130 338 S.
1153 296 1188 337 I.
1213 295 1443 338 Glatziensi
1465 295 1506 336 in
1529 294 1677 337 Silesia

97 378 170 418 pro
191 364 482 405 communione
515 365 701 417 generali
723 367 883 419 primae
920 368 1049 409 feriae
1071 367 1133 409 ΠΙ
1165 368 1367 421 cuiusque
1399 367 1557 408 mensis
1586 366 1674 408 ind.

97 436 210 489 plen.
232 436 393 489 petenti
414 440 458 477 et
479 435 653 490 reliquis
682 437 799 478 feriis
819 436 884 479 III
905 440 1035 479 totius
1057 440 1156 480 anni
1177 439 1263 480 ind.
1286 440 1310 479 7
1333 452 1430 479 ann.
1464 443 1505 479 et
1524 437 1671 492 quadr.

97 532 151 537 —
170 506 212 548 S.
236 505 276 548 S.
301 506 481 559 benigne
503 508 653 549 annuit
674 520 751 562 pro
772 510 923 561 gratia,
947 524 1019 563 pro
1041 511 1153 564 plen.
1178 510 1304 552 semel
1328 511 1370 550 in
1391 523 1548 551 mense.

95 575 136 607 22
153 572 228 607 Ian.
254 575 344 607 1744.

1534 683 1678 717 Bullae.

181 793 251 835 15.
286 798 393 835 Cum
414 805 497 835 nos
516 806 677 847 nuper.
703 815 728 821 —
748 790 850 832 Ben.
874 791 991 843 XIV,
1014 792 1254 846 petentibus
1285 792 1448 834 clericis
1466 805 1552 845 reg.
1576 792 1617 834 S.
1642 792 1680 834 I.

101 862 143 901 in
176 862 401 914 provinciis
430 861 592 903 Galliae
629 862 921 914 existentibus,
945 862 1225 916 indulgentias
1262 876 1336 916 pro
1372 862 1514 904 decem
1549 864 1680 905 sextis

101 932 218 973 feriis
238 932 390 974 festum
411 932 452 975 S.
477 931 547 974 Fr.
572 931 678 974 XaV.
703 933 945 975 immediate
967 933 1318 987 praecedentibus
1338 933 1403 974 vel
1423 933 1681 988 subsequen-

101 1003 230 1055 tibus,
252 1004 453 1045 transfert
481 1003 534 1045 ad
568 1003 692 1045 ferias
713 1004 1015 1058 praecedentes
1044 1005 1109 1046 vel
1132 1005 1434 1058 subsequentes
1466 1005 1575 1046 diem
1602 1006 1680 1046 12³¹

103 1074 264 1127 Martii,
287 1076 506 1128 septennio
527 1075 720 1118 durante.

102 1140 143 1174 R.
163 1151 218 1184 ap.
241 1139 276 1175 S.
299 1142 343 1174 M.
364 1142 413 1175 M.
432 1141 557 1176 XXVI
574 1141 668 1175 Mart
705 1145 786 1176 1744
808 1142 1008 1176 P.an.1V.

100 1259 167 1293 Εἶτ’.
189 1265 261 1303 cyp.
281 1270 374 1293 cam.
395 1271 455 1301 ap.
475 1261 520 1303 ΓΟ.
1534 1262 1680 1295 Bzdlae.

183 1382 251 1423 16.
287 1379 415 1432 Cong.
439 1391 524 1420 sac.
558 1380 626 1421 rit.
651 1404 676 1410 -
701 1379 905 1433 Frisigeu.
940 1395 1065 1434 super
1100 1381 1373 1423 translatione
1404 1382 1680 1435 quorumdam

103 1450 306 1491 festorum
328 1451 371 1491 in
392 1449 493 1491 eccl.
522 1450 808 1493 Monachiensi
830 1451 872 1493 S.
897 1451 931 1493 I.

100 1519 141 1551 22
161 1518 253 1559 Aug.
274 1518 370 1551 1744.

101 1635 327 1679 Garadum,
346 1638 444 1670 4161.

184 1756 254 1799 17.
288 1754 338 1795 A.
362 1753 410 1795 P.
434 1753 484 1795 R.
507 1753 565 1795 M.
593 1760 804 1798 Omnium
827 1757 1203 1799 sollicitudinum.
1228 1780 1253 1785 -
1283 1755 1385 1797 Ben.
1409 1754 1523 1808 XIV,
1546 1755 1681 1798 relata

103 1825 480 1866 controversiarum
502 1823 553 1866 de
579 1824 730 1865 ritibus
760 1823 1030 1867 Malabaricis
1052 1826 1244 1878 historia,
1267 1840 1362 1867 cum
1392 1826 1561 1868 decreto
1583 1825 1678 1868 Car.

104 1894 184 1936 Th.
216 1895 413 1937 Maillard
449 1895 500 1937 de
534 1895 729 1937 Tournon
759 1898 812 1937 24
846 1895 940 1937 Iun.
981 1897 1102 1948 1704,
1140 1897 1305 1939 decreto
1340 1897 1487 1951 Gongr.
1521 1897 1564 1939 S.
1600 1897 1680 1939 Off.

104 1968 129 2006 7
150 1966 239 2008 Ian.
267 1968 387 2019 1706,
407 1972 450 2009 et
470 1966 674 2008 Brevibus
695 1965 824 2008 Clem.
845 1966 904 2007 XI
925 1969 973 2007 17
991 1967 1105 2021 Sept.
1127 1970 1247 2020 1712,
1266 1968 1368 2010 Ben.
1387 1967 1491 2009 XIH
1515 1970 1565 2009 12
1583 1968 1679 2010 Dec.

107 2038 211 2079 1727
232 2042 275 2079 et
294 2037 425 2080 Clem.
449 2037 532 2079 XII
548 2039 602 2079 24
616 2038 723 2091 Aug.
752 2039 857 2079 1734
878 2044 919 2079 et
937 2040 985 2080 13
1003 2038 1104 2081 Mai.
1132 2040 1252 2091 1739,
1271 2063 1326 2069 -
1346 2038 1398 2080 ad
1419 2040 1443 2080 3
1464 2039 1683 2080 missiona-

104 2109 260 2150 riorum
298 2109 514 2162 postulata
555 2108 796 2163 respondet,
839 2110 1126 2151 missionarios
1165 2109 1207 2152 S.
1245 2109 1280 2151 Ι.
1324 2109 1377 2151 ad
1415 2111 1682 2163 praecipuam

104 2179 330 2221 Parearum
347 2193 490 2221 curam
506 2180 698 2234 deputari
714 2181 936 2235 approbat,
955 2182 1156 2235 quosdam
1174 2181 1331 2223 abusus
1351 2183 1393 2222 in
1410 2182 1678 2223 missionibus

105 2256 417 2305 perseverantes
437 2260 627 2294 recenset
656 2257 698 2293 et
728 2251 1061 2294 observationem
1083 2253 1345 2295 decretorum
1366 2252 1407 2295 S.
1432 2252 1550 2295 Sedis
1569 2267 1679 2294 com-

104 2321 287 2364 mendat.

103 2389 146 2423 R.
165 2399 223 2431 ap.
244 2387 279 2422 S.
299 2389 348 2423 M.
368 2389 417 2423 M.
437 2400 490 2432 pr.
509 2388 559 2424 id.
579 2388 677 2432 Sept.
701 2391 783 2423 1744
805 2389 843 2423 P.
864 2401 922 2423 an.
946 2389 984 2422 V.

102 2506 201 2539 Ball.
222 2507 328 2542 Rom.
350 2525 389 2531 -
408 2507 508 2540 Ball.
527 2507 574 2540 de
586 2518 745 2551 propay.
764 2508 838 2547 fide
857 2508 924 2542 III.
950 2511 1020 2543 166.

181 2629 250 2672 18.
282 2624 409 2680 Cong.
433 2640 519 2668 sac.
541 2628 609 2668 rit.
630 2632 673 2668 et
689 2626 775 2667 ind.
794 2651 820 2657 -
836 2626 1056 2680 Rudolpho
1074 2626 1223 2680 Eypau
1240 2626 1282 2667 S.
1302 2626 1335 2668 I.
1356 2627 1681 2680 poenitentiario

101 2710 230 2750 germ.
254 2697 308 2738 ad
341 2696 381 2739 S.
405 2696 593 2750 Petrum,
616 2697 762 2739 altaris
796 2697 1059 2751 privilegium
1094 2702 1264 2750 petente
1300 2698 1344 2738 in
1380 2697 1480 2739 eccl.
1507 2698 1676 2751 paroch.

103 2767 144 2810 S.
168 2767 350 2820 Nicolai‚
374 2768 488 2810 urbis
517 2770 698 2822 patroni,
731 2769 812 2810 loci
842 2769 1066 2822 Glogoviae
1102 2770 1272 2811 maioris
1306 2768 1437 2811 dioec.
1460 2767 1679 2810 wratisla-

102 2840 212 2881 vien.
236 2838 452 2893 quibusvis
471 2839 586 2881 feriis
606 2838 665 2880 IV
687 2843 730 2881 et
751 2838 810 2880 VI
830 2864 882 2870 —-
903 2839 944 2882 S.
970 2839 1010 2882 S.
1035 2839 1242 2882 concessit
1261 2838 1315 2881 ad
1336 2840 1614 2894 septennium.

101 2907 121 2941 3
139 2905 216 2939 Oct.
238 2907 335 2941 1744.

1531 3015 1678 3050 Ranae.

1578 3077 1620 3109 30
