1989 3252
265 178 399 221 Aiex.
420 177 526 221 vn.
931 197 986 202 —
1015 173 1095 213 378
1123 196 1178 202 -
1718 152 1850 215 1662.

350 265 423 308 66.
464 268 589 306 Vitae
609 277 664 306 ac
682 276 881 305 morum.
906 261 1028 302 Alex.
1056 259 1135 301 VH
1155 259 1304 301 Ioanni
1324 257 1529 300 Warnero
1549 256 1686 311 presb.
1718 256 1852 309 Anglo

269 336 343 389 qui
363 333 537 378 iuvenili
558 333 706 374 ardore
727 333 900 373 alterius
921 332 1079 373 ordinis
1106 332 1298 372 habitum
1321 329 1565 382 assumpsit,
1589 328 1779 382 quamvis
1800 327 1853 368 ad

266 406 396 457 finem
416 405 646 446 novitiatus
667 405 710 444 in
730 417 778 445 eo
809 417 892 444 non
926 403 1106 454 steterit,
1143 401 1333 454 indulget
1370 405 1418 441 ut
1452 400 1496 440 in
1531 398 1571 440 S.
1609 398 1644 440 I.
1684 397 1853 439 admitti

267 476 414 530 possit,
439 475 675 529 prohibitus
693 475 793 516 licet
814 488 840 516 a
861 473 1231 515 constitutionibus
1251 472 1293 514 d.
1316 472 1408 514 See.

267 542 309 576 R.
329 553 389 585 ap.
409 541 445 576 S.
467 541 516 575 M.
538 542 588 575 M.
608 542 691 576 XVI
712 541 810 584 Sept.
833 544 916 576 1661
934 541 976 575 Ρ.
995 551 1054 574 an.
1074 539 1152 575 VII.

1142 638 1295 673 Elench.
1320 638 1407 672 buu.
1426 654 1469 661 —
1482 636 1571 679 Req.
1590 634 1677 669 bull.
1702 634 1760 669 VI.
1781 635 1855 669 172.

350 754 422 798 67.
459 754 1003 795 coelestizmzmamerzmz.
1040 773 1066 778 —
1103 745 1333 788 Alexandri
1374 744 1454 785 VII
1504 743 1716 785 concessio
1765 741 1852 782 ind.

267 839 343 879 pro
364 822 598 865 missionib.
624 822 665 864 S.
690 821 724 863 I.
750 821 803 862 ad
824 821 1090 874 septennium
1113 819 1215 871 (Gfr.
1241 819 1363 859 Alex.
1390 815 1486 858 VII.
1510 830 1551 857 n.
1578 816 1633 868 1).

266 893 286 925 3
301 891 378 927 Ian.
401 893 497 926 1662.

1599 958 1750 991 Ecench.
1770 957 1858 990 buu.

353 1081 426 1124 68.
460 1077 502 1118 S.
529 1076 679 1128 Congr.
704 1073 829 1115 Conc.
853 1099 878 1104 —
900 1073 1124 1114 Decretum
1155 1073 1199 1112 in
1235 1071 1413 1113 Limana
1446 1067 1665 1110 eiectionis
1699 1065 1773 1107 ubi
1808 1064 1862 1106 ad

271 1149 506 1203 supplicem
527 1147 716 1188 libellum
736 1146 922 1199 archiep.
947 1144 1112 1186 Limani
1127 1141 1353 1196 respondet
1368 1141 1582 1194 religiosos
1603 1138 1644 1180 S.
1665 1137 1698 1180 Ι.
1720 1141 1814 1192 post
1833 1138 1858 1177 3

270 1226 368 1263 vota
388 1219 597 1273 simplicia
618 1218 827 1260 duntaxat
847 1218 987 1270 vigore
1008 1215 1324 1270 privilegiorum
1345 1211 1479 1254 eiusd.
1513 1211 1604 1253 Soc.
1637 1223 1720 1251 non
1750 1222 1862 1250 com-

271 1292 476 1348 prehendi
496 1291 540 1331 111
575 1289 752 1332 Constit.
777 1289 941 1331 Urbani
975 1287 1078 1329 VIII
1115 1287 1165 1328 de
1200 1285 1404 1339 apostatis
1438 1287 1480 1324 et
1514 1282 1689 1333 eiectis;
1726 1278 1865 1337 quoad

272 1365 453 1418 reliqua,
477 1375 628 1415 nempe
659 1361 862 1402 alimenta
898 1359 1082 1400 dimissis
1117 1372 1140 1399 e
1175 1357 1267 1399 Soc.
1306 1353 1573 1410 praestanda,
1605 1352 1711 1393 nihil
1746 1352 1865 1393 inno-

272 1436 470 1478 vandum.

273 1506 310 1538 ll
331 1503 420 1537 Feb.
443 1504 538 1535 1662.

1606 1567 1761 1603 Elench.
1780 1566 1871 1600 bun.

357 1693 428 1735 69.
464 1693 653 1745 Empom'
672 1690 803 1731 nohis
822 1701 984 1742 nuper.
1006 1710 1032 1715 -
1052 1683 1174 1725 Alex.
1209 1681 1305 1735 VII,
1338 1679 1579 1734 petentibus
1609 1678 1709 1719 cler.
1733 1675 1867 1730 regul.

276 1760 371 1802 coll.
397 1759 598 1812 Ragusin.
625 1757 665 1800 S.
690 1757 745 1809 I.‚
764 1756 938 1797 mandat
959 1755 1172 1809 (episcopo
1194 1752 1417 1806 Ragusin.)
1453 1755 1500 1791 ut
1534 1745 1868 1791 confraternitati

274 1830 414 1886 presb.
439 1830 480 1872 S.
506 1830 622 1871 Petri
643 1830 686 1881 in
707 1827 909 1869 cathedra
930 1839 1080 1867 nuncc.
1112 1824 1329 1866 licentiam
1359 1820 1562 1863 concedat
1589 1817 1797 1861 vendendi
1827 1816 1868 1858 d.

276 1903 450 1956 collegio
471 1906 556 1943 tres
577 1901 720 1942 domos
742 1899 930 1941 redditus
952 1912 1051 1939 ann.
1076 1900 1117 1950 8,
1138 1899 1160 1937 9
1181 1897 1225 1950 11.,
1241 1900 1285 1937 et
1301 1897 1326 1936 8
1347 1893 1583 1947 respective
1605 1891 1868 1932 ducatorum.

275 1970 320 2006 R.
340 1980 399 2013 ap.
419 1968 455 2004 S.
477 1969 527 2003 M.
547 1969 597 2003 M.
619 1967 740 2002 XXIV
761 1966 868 2000 Mart.
891 1967 987 2000 1662.

1465 2037 1550 2079 Req.
1567 2034 1655 2069 bun.
1679 2032 1740 2067 Vl.
1762 2032 1825 2067 172
1842 2031 1876 2064 b.

365 2158 436 2201 70.
474 2157 722 2209 [eelzyioms
740 2155 878 2195 zelus.
900 2175 926 2180 —
957 2150 1081 2191 Alex.
1112 2147 1210 2200 VII,
1243 2149 1482 2200 exponente
1505 2143 1595 2185 Vic.
1622 2142 1729 2184 Gen.
1754 2139 1796 2182 S.
1819 2137 1874 2190 I.,

283 2228 508 2269 Francisco
538 2226 577 2265 le
610 2223 838 2274 Herichon,
871 2222 979 2275 prof.
1013 2223 1037 2262 3
1073 2225 1158 2262 vot.
1192 2219 1234 2261 S.
1276 2218 1312 2259 I.
1356 2217 1409 2258 ab
1440 2218 1465 2257 8
1505 2216 1618 2267 Sept.
1666 2214 1786 2263 1652,
1828 2223 1878 2251 ac

284 2299 396 2351 dein,
421 2312 516 2339 cum
538 2296 820 2338 confessarius
840 2300 883 2336 et
909 2295 1177 2335 concionator
1207 2291 1375 2344 reginae
1405 2287 1604 2330 Poloniae
1634 2290 1675 2326 et
1702 2282 1877 2326 Sueciae

285 2371 444 2412 electus
472 2373 596 2421 esset,
620 2367 923 2421 professionem
950 2368 977 2406 4
1006 2369 1091 2405 vot.
1125 2376 1269 2404 mense
1300 2361 1398 2402 Dec.
1432 2359 1621 2413 proxime
1652 2354 1877 2410 praeterito

288 2443 482 2484 emittere
505 2442 633 2491 iusso⁷
657 2438 847 2491 indulget
870 2442 914 2478 ut
936 2436 1234 2490 praerogativis
1255 2434 1336 2474 loci
1358 2432 1422 2473 vel
1444 2430 1640 2472 sessionis
1661 2428 1705 2468 in
1734 2437 1875 2477 congr.

288 2514 623 2567 quibuscumque
644 2511 706 2551 uti
728 2510 868 2550 valeat
890 2508 1061 2561 perinde
1084 2521 1132 2548 ac
1154 2507 1189 2547 si
1210 2508 1235 2547 8
1271 2505 1388 2557 Sept.
1415 2504 1521 2544 1652
1551 2515 1643 2543 eam
1675 2497 1876 2540 emiserit.

288 2581 324 2613 111
343 2590 428 2613 arce
447 2577 659 2619 Gandulphi
679 2577 855 2610 Albanen.
875 2575 990 2608 dioec.
1011 2574 1041 2608 V
1063 2573 1151 2606 Maii
1171 2575 1254 2607 1662
1274 2572 1314 2606 P.
1334 2582 1391 2604 an.
1414 2570 1504 2604 VIlI.

1464 2679 1554 2720 Rey.
1575 2676 1663 2710 bun.
1685 2675 1746 2709 VI.
1768 2675 1829 2709 173
1847 2673 1881 2706 b.

372 2799 439 2842 71.
477 2798 547 2839 Arc
568 2797 831 2851 cuayewlam
852 2795 1073 2846 fidelium.
1096 2815 1122 2820 -
1144 2787 1376 2829 Alexandri
1398 2785 1479 2826 VII
1500 2784 1659 2836 indulg.
1683 2796 1757 2836 pro
1788 2795 1880 2823 ora-

291 2870 405 2910 tione
425 2870 479 2908 40
501 2867 590 2907 hor.
616 2867 659 2906 in
680 2863 970 2917 carnisprivio.
996 2861 1061 2902 Ad
1081 2859 1347 2913 septennium
1370 2856 1473 2910 (Cfr.
1497 2870 1538 2897 11.
1568 2855 1648 2909 10).

290 2937 331 2969 20
351 2933 440 2967 Maii
458 2935 552 2967 1662.

1620 2997 1771 3032 Elem-h.
1791 2995 1883 3030 hall.
