<?xml version="1.0" encoding="UTF-8"?>
<!DOCTYPE html PUBLIC "-//W3C//DTD XHTML 1.0 Transitional//EN"
    "http://www.w3.org/TR/xhtml1/DTD/xhtml1-transitional.dtd">
<html xmlns="http://www.w3.org/1999/xhtml" xml:lang="en" lang="en">
 <head>
  <title>
</title>
<meta http-equiv="Content-Type" content="text/html;charset=utf-8" />
  <meta name='ocr-system' content='tesseract 3.04.00' />
  <meta name='ocr-capabilities' content='ocr_page ocr_carea ocr_par ocr_line ocrx_word'/>
</head>
<body>
  <div class='ocr_page' id='page_1' title='image "./synopsisactorums02delp_0052.png"; bbox 0 0 1989 3252; ppageno 0'>
   <div class='ocr_carea' id='block_1_1' title="bbox 293 173 1873 222">
    <p class='ocr_par' dir='ltr' id='par_1_1' title="bbox 293 173 1873 222">
     <span class='ocr_line' id='line_1_1' title="bbox 293 173 1873 222; baseline 0.001 -5"><span class='ocrx_word' id='word_1_1' title='bbox 293 173 434 217; x_wconf 84' lang='lat' dir='ltr'>Pauli</span> <span class='ocrx_word' id='word_1_2' title='bbox 453 173 507 217; x_wconf 88' lang='lat' dir='ltr'>V.</span> <span class='ocrx_word' id='word_1_3' title='bbox 965 196 1021 203; x_wconf 88' lang='lat'>-—</span> <span class='ocrx_word' id='word_1_4' title='bbox 1048 173 1127 213; x_wconf 78' lang='lat'>268</span> <span class='ocrx_word' id='word_1_5' title='bbox 1158 197 1208 203; x_wconf 92' lang='lat'><strong>—</strong></span> <span class='ocrx_word' id='word_1_6' title='bbox 1747 178 1873 222; x_wconf 83' lang='lat'>1614.</span> 
     </span>
    </p>
   </div>
   <div class='ocr_carea' id='block_1_2' title="bbox 293 258 1876 388">
    <p class='ocr_par' dir='ltr' id='par_1_2' title="bbox 293 258 1876 388">
     <span class='ocr_line' id='line_1_2' title="bbox 297 258 1876 316; baseline 0.004 -17"><span class='ocrx_word' id='word_1_7' title='bbox 297 259 347 300; x_wconf 93' lang='lat' dir='ltr'>de</span> <span class='ocrx_word' id='word_1_8' title='bbox 381 259 500 300; x_wconf 87' lang='lat' dir='ltr'>Pasis</span> <span class='ocrx_word' id='word_1_9' title='bbox 529 258 743 301; x_wconf 80' lang='lat' dir='ltr'>licentiam</span> <span class='ocrx_word' id='word_1_10' title='bbox 774 259 982 301; x_wconf 86' lang='lat' dir='ltr'>vendendi</span> <span class='ocrx_word' id='word_1_11' title='bbox 1010 274 1141 302; x_wconf 82' lang='lat' dir='ltr'>novae</span> <span class='ocrx_word' id='word_1_12' title='bbox 1171 260 1312 303; x_wconf 91' lang='lat' dir='ltr'>domui</span> <span class='ocrx_word' id='word_1_13' title='bbox 1341 262 1448 316; x_wconf 89' lang='lat' dir='ltr'>prof.</span> <span class='ocrx_word' id='word_1_14' title='bbox 1481 262 1521 304; x_wconf 91' lang='lat' dir='ltr'>S.</span> <span class='ocrx_word' id='word_1_15' title='bbox 1555 262 1589 304; x_wconf 94' lang='lat' dir='ltr'>I.</span> <span class='ocrx_word' id='word_1_16' title='bbox 1622 263 1666 304; x_wconf 93' lang='lat' dir='ltr'>in</span> <span class='ocrx_word' id='word_1_17' title='bbox 1695 263 1735 305; x_wconf 93' lang='lat' dir='ltr'>d.</span> <span class='ocrx_word' id='word_1_18' title='bbox 1772 264 1876 306; x_wconf 90' lang='lat' dir='ltr'>urbe</span> 
     </span>
     <span class='ocr_line' id='line_1_3' title="bbox 293 331 1876 388; baseline 0.003 -16"><span class='ocrx_word' id='word_1_19' title='bbox 293 331 461 372; x_wconf 88' lang='lat' dir='ltr'>domum</span> <span class='ocrx_word' id='word_1_20' title='bbox 502 332 719 385; x_wconf 88' lang='lat' dir='ltr'>antiquam</span> <span class='ocrx_word' id='word_1_21' title='bbox 761 331 963 373; x_wconf 90' lang='lat' dir='ltr'>Mandelli</span> <span class='ocrx_word' id='word_1_22' title='bbox 1003 331 1207 373; x_wconf 86' lang='lat' dir='ltr'>Foderani</span> <span class='ocrx_word' id='word_1_23' title='bbox 1246 338 1533 387; x_wconf 73' lang='lat' dir='ltr'>nuncupatam</span> <span class='ocrx_word' id='word_1_24' title='bbox 1573 348 1701 388; x_wconf 83' lang='lat' dir='ltr'>prope</span> <span class='ocrx_word' id='word_1_25' title='bbox 1740 335 1876 378; x_wconf 86' lang='lat' dir='ltr'>forum</span> 
     </span>
    </p>
   </div>
   <div class='ocr_carea' id='block_1_3' title="bbox 295 402 1331 513">
    <p class='ocr_par' dir='ltr' id='par_1_3' title="bbox 295 402 1331 513">
     <span class='ocr_line' id='line_1_4' title="bbox 295 402 1331 457; baseline 0.002 -13"><span class='ocrx_word' id='word_1_26' title='bbox 295 404 444 444; x_wconf 81' lang='lat' dir='ltr'>maius,</span> <span class='ocrx_word' id='word_1_27' title='bbox 470 402 599 444; x_wconf 86' lang='lat' dir='ltr'>Valor</span> <span class='ocrx_word' id='word_1_28' title='bbox 619 406 671 445; x_wconf 88' lang='lat'>50</span> <span class='ocrx_word' id='word_1_29' title='bbox 693 403 787 445; x_wconf 88' lang='lat' dir='ltr'>duc.</span> <span class='ocrx_word' id='word_1_30' title='bbox 813 406 882 453; x_wconf 88' lang='lat'>(30</span> <span class='ocrx_word' id='word_1_31' title='bbox 903 403 997 446; x_wconf 88' lang='lat' dir='ltr'>duc.</span> <span class='ocrx_word' id='word_1_32' title='bbox 1021 405 1112 445; x_wconf 90' lang='lat' dir='ltr'>auri</span> <span class='ocrx_word' id='word_1_33' title='bbox 1133 404 1183 446; x_wconf 92' lang='lat' dir='ltr'>de</span> <span class='ocrx_word' id='word_1_34' title='bbox 1203 406 1331 457; x_wconf 88' lang='lat' dir='ltr'>cam.)</span> 
     </span>
     <span class='ocr_line' id='line_1_5' title="bbox 305 469 1212 513; baseline 0.001 -9"><span class='ocrx_word' id='word_1_35' title='bbox 305 469 347 504; x_wconf 85' lang='lat' dir='ltr'>R.</span> <span class='ocrx_word' id='word_1_36' title='bbox 366 480 425 513; x_wconf 87' lang='lat' dir='ltr'>ap.</span> <span class='ocrx_word' id='word_1_37' title='bbox 444 469 479 504; x_wconf 89' lang='lat' dir='ltr'>S.</span> <span class='ocrx_word' id='word_1_38' title='bbox 499 469 549 504; x_wconf 91' lang='lat' dir='ltr'>M.</span> <span class='ocrx_word' id='word_1_39' title='bbox 570 469 619 503; x_wconf 91' lang='lat' dir='ltr'>M.</span> <span class='ocrx_word' id='word_1_40' title='bbox 639 469 692 505; x_wconf 89' lang='lat' dir='ltr'>XI</span> <span class='ocrx_word' id='word_1_41' title='bbox 710 469 785 505; x_wconf 86' lang='lat' dir='ltr'>kal.</span> <span class='ocrx_word' id='word_1_42' title='bbox 805 469 903 513; x_wconf 83' lang='lat' dir='ltr'>Sept.</span> <span class='ocrx_word' id='word_1_43' title='bbox 925 472 1010 505; x_wconf 88' lang='grc'>1614</span> <span class='ocrx_word' id='word_1_44' title='bbox 1028 470 1068 503; x_wconf 86' lang='grc' dir='ltr'><strong>Ρ.</strong></span> <span class='ocrx_word' id='word_1_45' title='bbox 1087 481 1146 504; x_wconf 87' lang='lat' dir='ltr'>an.</span> <span class='ocrx_word' id='word_1_46' title='bbox 1166 470 1212 505; x_wconf 89' lang='lat' dir='ltr'>X.</span> 
     </span>
    </p>
   </div>
   <div class='ocr_carea' id='block_1_4' title="bbox 1491 593 1870 637">
    <p class='ocr_par' dir='ltr' id='par_1_4' title="bbox 1491 593 1870 637">
     <span class='ocr_line' id='line_1_6' title="bbox 1491 593 1870 637; baseline -0.003 -8"><span class='ocrx_word' id='word_1_47' title='bbox 1491 593 1582 637; x_wconf 69' lang='lat' dir='ltr'>Req.</span> <span class='ocrx_word' id='word_1_48' title='bbox 1601 593 1689 628; x_wconf 71' lang='lat' dir='ltr'>bun.</span> <span class='ocrx_word' id='word_1_49' title='bbox 1710 593 1730 628; x_wconf 90' lang='lat' dir='ltr'>l</span> <span class='ocrx_word' id='word_1_50' title='bbox 1735 593 1774 629; x_wconf 87' lang='lat' dir='ltr'>V.</span> <span class='ocrx_word' id='word_1_51' title='bbox 1792 595 1870 630; x_wconf 77' lang='lat'>218.</span> 
     </span>
    </p>
   </div>
   <div class='ocr_carea' id='block_1_5' title="bbox 378 724 1876 779">
    <p class='ocr_par' dir='ltr' id='par_1_5' title="bbox 378 724 1876 779">
     <span class='ocr_line' id='line_1_7' title="bbox 378 724 1876 779; baseline 0 -11"><span class='ocrx_word' id='word_1_52' title='bbox 378 725 478 769; x_wconf 84' lang='lat'>150.</span> <span class='ocrx_word' id='word_1_53' title='bbox 515 730 702 769; x_wconf 68' lang='lat' dir='ltr'>Aeterni</span> <span class='ocrx_word' id='word_1_54' title='bbox 721 729 931 769; x_wconf 70' lang='lat' dir='ltr'>Pastoris</span> <span class='ocrx_word' id='word_1_55' title='bbox 949 730 1082 770; x_wconf 76' lang='lat' dir='ltr'>vices.</span> <span class='ocrx_word' id='word_1_56' title='bbox 1102 750 1128 755; x_wconf 97' lang='lat'><em>-</em></span> <span class='ocrx_word' id='word_1_57' title='bbox 1145 724 1267 766; x_wconf 89' lang='lat' dir='ltr'>Pauli</span> <span class='ocrx_word' id='word_1_58' title='bbox 1283 724 1320 766; x_wconf 94' lang='lat' dir='ltr'>V</span> <span class='ocrx_word' id='word_1_59' title='bbox 1336 725 1597 779; x_wconf 78' lang='lat' dir='ltr'>indulgentia</span> <span class='ocrx_word' id='word_1_60' title='bbox 1612 730 1654 767; x_wconf 89' lang='lat' dir='ltr'>et</span> <span class='ocrx_word' id='word_1_61' title='bbox 1669 725 1876 768; x_wconf 86' lang='lat' dir='ltr'>institutio</span> 
     </span>
    </p>
   </div>
   <div class='ocr_carea' id='block_1_6' title="bbox 295 796 1509 906">
    <p class='ocr_par' dir='ltr' id='par_1_6' title="bbox 295 796 1509 906">
     <span class='ocr_line' id='line_1_8' title="bbox 295 796 1509 852; baseline 0.003 -16"><span class='ocrx_word' id='word_1_62' title='bbox 295 796 600 837; x_wconf 81' lang='lat' dir='ltr'>communionis</span> <span class='ocrx_word' id='word_1_63' title='bbox 622 797 832 850; x_wconf 85' lang='lat' dir='ltr'>generalis</span> <span class='ocrx_word' id='word_1_64' title='bbox 852 797 895 838; x_wconf 91' lang='lat' dir='ltr'>in</span> <span class='ocrx_word' id='word_1_65' title='bbox 916 796 1031 838; x_wconf 89' lang='lat' dir='ltr'>Urbe</span> <span class='ocrx_word' id='word_1_66' title='bbox 1052 802 1212 851; x_wconf 88' lang='lat' dir='ltr'>perpet.</span> <span class='ocrx_word' id='word_1_67' title='bbox 1237 797 1509 852; x_wconf 80' lang='lat' dir='ltr'>temporibus.</span> 
     </span>
     <span class='ocr_line' id='line_1_9' title="bbox 296 862 631 906; baseline 0 -10"><span class='ocrx_word' id='word_1_68' title='bbox 296 862 402 897; x_wconf 82' lang='lat' dir='ltr'>XXII</span> <span class='ocrx_word' id='word_1_69' title='bbox 418 863 514 906; x_wconf 83' lang='lat' dir='ltr'>Aug.</span> <span class='ocrx_word' id='word_1_70' title='bbox 535 865 631 898; x_wconf 83' lang='lat'>1614.</span> 
     </span>
    </p>
   </div>
   <div class='ocr_carea' id='block_1_7' title="bbox 1612 985 1875 1020">
    <p class='ocr_par' dir='ltr' id='par_1_7' title="bbox 1612 985 1875 1020">
     <span class='ocr_line' id='line_1_10' title="bbox 1612 985 1875 1020; baseline 0 0"><span class='ocrx_word' id='word_1_71' title='bbox 1612 986 1648 1020; x_wconf 86' lang='lat' dir='ltr'><em>E</em></span> <span class='ocrx_word' id='word_1_72' title='bbox 1648 985 1766 1020; x_wconf 70' lang='lat' dir='ltr'>leuch.</span> <span class='ocrx_word' id='word_1_73' title='bbox 1785 986 1875 1020; x_wconf 81' lang='lat' dir='ltr'>bull.</span> 
     </span>
    </p>
   </div>
   <div class='ocr_carea' id='block_1_8' title="bbox 293 1115 1876 1233">
    <p class='ocr_par' dir='ltr' id='par_1_8' title="bbox 293 1115 1876 1233">
     <span class='ocr_line' id='line_1_11' title="bbox 376 1115 1876 1171; baseline 0.001 -13"><span class='ocrx_word' id='word_1_74' title='bbox 376 1117 476 1160; x_wconf 85' lang='lat'>151.</span> <span class='ocrx_word' id='word_1_75' title='bbox 517 1151 519 1154; x_wconf 91' lang='lat'>.</span> <span class='ocrx_word' id='word_1_76' title='bbox 550 1148 854 1157; x_wconf 92' lang='grc'><strong>.........</strong></span> <span class='ocrx_word' id='word_1_77' title='bbox 892 1115 1011 1158; x_wconf 91' lang='lat' dir='ltr'>Paul.</span> <span class='ocrx_word' id='word_1_78' title='bbox 1052 1115 1088 1157; x_wconf 90' lang='lat' dir='ltr'>V</span> <span class='ocrx_word' id='word_1_79' title='bbox 1123 1116 1210 1158; x_wconf 89' lang='lat' dir='ltr'>ind.</span> <span class='ocrx_word' id='word_1_80' title='bbox 1247 1117 1359 1170; x_wconf 90' lang='lat' dir='ltr'>plen.</span> <span class='ocrx_word' id='word_1_81' title='bbox 1397 1116 1451 1159; x_wconf 89' lang='lat' dir='ltr'>ad</span> <span class='ocrx_word' id='word_1_82' title='bbox 1485 1118 1751 1171; x_wconf 80' lang='lat' dir='ltr'>septennium</span> <span class='ocrx_word' id='word_1_83' title='bbox 1780 1133 1876 1161; x_wconf 89' lang='lat' dir='ltr'>con-</span> 
     </span>
     <span class='ocr_line' id='line_1_12' title="bbox 293 1185 1874 1233; baseline 0.004 -6"><span class='ocrx_word' id='word_1_84' title='bbox 293 1185 406 1227; x_wconf 89' lang='lat' dir='ltr'>cedit</span> <span class='ocrx_word' id='word_1_85' title='bbox 426 1185 621 1228; x_wconf 86' lang='lat' dir='ltr'>fidelibus</span> <span class='ocrx_word' id='word_1_86' title='bbox 637 1187 741 1228; x_wconf 85' lang='lat' dir='ltr'>eccl.</span> <span class='ocrx_word' id='word_1_87' title='bbox 765 1187 806 1229; x_wconf 91' lang='lat' dir='ltr'>S.</span> <span class='ocrx_word' id='word_1_88' title='bbox 830 1188 865 1231; x_wconf 92' lang='grc' dir='ltr'>Ι.</span> <span class='ocrx_word' id='word_1_89' title='bbox 892 1188 1132 1230; x_wconf 83' lang='lat' dir='ltr'>Cortracen.</span> <span class='ocrx_word' id='word_1_90' title='bbox 1158 1189 1389 1231; x_wconf 89' lang='lat' dir='ltr'>Tornacen.</span> <span class='ocrx_word' id='word_1_91' title='bbox 1414 1188 1546 1231; x_wconf 90' lang='lat' dir='ltr'>dioec.</span> <span class='ocrx_word' id='word_1_92' title='bbox 1571 1190 1614 1231; x_wconf 90' lang='lat' dir='ltr'>in</span> <span class='ocrx_word' id='word_1_93' title='bbox 1644 1190 1710 1232; x_wconf 91' lang='lat' dir='ltr'>die</span> <span class='ocrx_word' id='word_1_94' title='bbox 1731 1204 1874 1233; x_wconf 87' lang='lat' dir='ltr'>conse-</span> 
     </span>
    </p>
   </div>
   <div class='ocr_carea' id='block_1_9' title="bbox 290 1258 792 1368">
    <p class='ocr_par' dir='ltr' id='par_1_9' title="bbox 290 1258 792 1368">
     <span class='ocr_line' id='line_1_13' title="bbox 290 1258 792 1302; baseline 0.004 -3"><span class='ocrx_word' id='word_1_95' title='bbox 290 1258 488 1299; x_wconf 83' lang='lat' dir='ltr'>crationis</span> <span class='ocrx_word' id='word_1_96' title='bbox 507 1259 792 1302; x_wconf 74' lang='lat' dir='ltr'>visitantibus.</span> 
     </span>
     <span class='ocr_line' id='line_1_14' title="bbox 297 1325 509 1368; baseline -0.005 -9"><span class='ocrx_word' id='word_1_97' title='bbox 297 1325 391 1368; x_wconf 82' lang='lat' dir='ltr'>Aug.</span> <span class='ocrx_word' id='word_1_98' title='bbox 413 1327 509 1360; x_wconf 78' lang='grc'><strong>1614.</strong></span> 
     </span>
    </p>
   </div>
   <div class='ocr_carea' id='block_1_10' title="bbox 1491 1450 1868 1493">
    <p class='ocr_par' dir='ltr' id='par_1_10' title="bbox 1491 1450 1868 1493">
     <span class='ocr_line' id='line_1_15' title="bbox 1491 1450 1868 1493; baseline 0 -7"><span class='ocrx_word' id='word_1_99' title='bbox 1491 1451 1567 1493; x_wconf 79' lang='lat' dir='ltr'>Re9</span> <span class='ocrx_word' id='word_1_100' title='bbox 1599 1450 1686 1484; x_wconf 75' lang='lat' dir='ltr'>bull.</span> <span class='ocrx_word' id='word_1_101' title='bbox 1705 1450 1772 1485; x_wconf 87' lang='lat' dir='ltr'>IV.</span> <span class='ocrx_word' id='word_1_102' title='bbox 1793 1454 1868 1486; x_wconf 82' lang='grc'><strong>218.</strong></span> 
     </span>
    </p>
   </div>
   <div class='ocr_carea' id='block_1_11' title="bbox 373 1581 1876 1637">
    <p class='ocr_par' dir='ltr' id='par_1_11' title="bbox 373 1581 1876 1637">
     <span class='ocr_line' id='line_1_16' title="bbox 373 1581 1876 1637; baseline 0.001 -15"><span class='ocrx_word' id='word_1_103' title='bbox 373 1583 458 1627; x_wconf 75' lang='grc'>152</span> <span class='ocrx_word' id='word_1_104' title='bbox 468 1614 853 1624; x_wconf 89' lang='grc'><strong>...........</strong></span> <span class='ocrx_word' id='word_1_105' title='bbox 878 1581 999 1624; x_wconf 90' lang='lat' dir='ltr'>Paul.</span> <span class='ocrx_word' id='word_1_106' title='bbox 1025 1582 1061 1623; x_wconf 92' lang='lat' dir='ltr'>V</span> <span class='ocrx_word' id='word_1_107' title='bbox 1081 1583 1237 1637; x_wconf 83' lang='lat' dir='ltr'>indulg.</span> <span class='ocrx_word' id='word_1_108' title='bbox 1264 1583 1376 1637; x_wconf 90' lang='lat' dir='ltr'>plen.</span> <span class='ocrx_word' id='word_1_109' title='bbox 1400 1582 1453 1624; x_wconf 88' lang='lat' dir='ltr'>ad</span> <span class='ocrx_word' id='word_1_110' title='bbox 1483 1584 1747 1637; x_wconf 71' lang='lat' dir='ltr'>septennium</span> <span class='ocrx_word' id='word_1_111' title='bbox 1779 1597 1876 1625; x_wconf 87' lang='lat' dir='ltr'>con-</span> 
     </span>
    </p>
   </div>
   <div class='ocr_carea' id='block_1_12' title="bbox 291 1652 1874 1698">
    <p class='ocr_par' dir='ltr' id='par_1_12' title="bbox 291 1652 1874 1698">
     <span class='ocr_line' id='line_1_17' title="bbox 291 1652 1874 1698; baseline 0.003 -5"><span class='ocrx_word' id='word_1_112' title='bbox 291 1652 404 1694; x_wconf 88' lang='lat' dir='ltr'>cedit</span> <span class='ocrx_word' id='word_1_113' title='bbox 424 1652 620 1695; x_wconf 88' lang='lat' dir='ltr'>fidelibus</span> <span class='ocrx_word' id='word_1_114' title='bbox 642 1654 742 1696; x_wconf 86' lang='lat' dir='ltr'>eccl.</span> <span class='ocrx_word' id='word_1_115' title='bbox 769 1654 811 1696; x_wconf 89' lang='lat' dir='ltr'>S.</span> <span class='ocrx_word' id='word_1_116' title='bbox 834 1654 868 1696; x_wconf 93' lang='grc' dir='ltr'>Ι.</span> <span class='ocrx_word' id='word_1_117' title='bbox 894 1654 1121 1697; x_wconf 87' lang='lat' dir='ltr'>Valencen.</span> <span class='ocrx_word' id='word_1_118' title='bbox 1146 1655 1388 1697; x_wconf 81' lang='lat' dir='ltr'>Atrebaten.</span> <span class='ocrx_word' id='word_1_119' title='bbox 1414 1655 1545 1697; x_wconf 85' lang='lat' dir='ltr'>dioec.</span> <span class='ocrx_word' id='word_1_120' title='bbox 1570 1657 1613 1697; x_wconf 89' lang='lat' dir='ltr'>in</span> <span class='ocrx_word' id='word_1_121' title='bbox 1643 1656 1710 1697; x_wconf 89' lang='lat' dir='ltr'>die</span> <span class='ocrx_word' id='word_1_122' title='bbox 1731 1669 1874 1698; x_wconf 87' lang='lat' dir='ltr'>conse-</span> 
     </span>
    </p>
   </div>
   <div class='ocr_carea' id='block_1_13' title="bbox 291 1720 915 1831">
    <p class='ocr_par' dir='ltr' id='par_1_13' title="bbox 291 1720 915 1831">
     <span class='ocr_line' id='line_1_18' title="bbox 291 1720 794 1762; baseline 0.004 -2"><span class='ocrx_word' id='word_1_123' title='bbox 291 1720 490 1761; x_wconf 87' lang='lat' dir='ltr'>crationis</span> <span class='ocrx_word' id='word_1_124' title='bbox 511 1721 794 1762; x_wconf 75' lang='lat' dir='ltr'>visitantibus.</span> 
     </span>
     <span class='ocr_line' id='line_1_19' title="bbox 295 1786 915 1831; baseline 0.002 -10"><span class='ocrx_word' id='word_1_125' title='bbox 295 1786 339 1821; x_wconf 87' lang='lat' dir='ltr'>R.</span> <span class='ocrx_word' id='word_1_126' title='bbox 360 1798 418 1830; x_wconf 86' lang='lat' dir='ltr'>ap.</span> <span class='ocrx_word' id='word_1_127' title='bbox 440 1786 475 1821; x_wconf 89' lang='lat' dir='ltr'>S.</span> <span class='ocrx_word' id='word_1_128' title='bbox 496 1787 544 1821; x_wconf 93' lang='lat' dir='ltr'>M.</span> <span class='ocrx_word' id='word_1_129' title='bbox 565 1787 615 1821; x_wconf 87' lang='lat' dir='ltr'>M.</span> <span class='ocrx_word' id='word_1_130' title='bbox 637 1788 683 1823; x_wconf 93' lang='lat' dir='ltr'>VI</span> <span class='ocrx_word' id='word_1_131' title='bbox 702 1788 799 1831; x_wconf 86' lang='lat' dir='ltr'>Sept.</span> <span class='ocrx_word' id='word_1_132' title='bbox 819 1791 915 1824; x_wconf 82' lang='lat'>1614.</span> 
     </span>
    </p>
   </div>
   <div class='ocr_carea' id='block_1_14' title="bbox 1486 1911 1863 1954">
    <p class='ocr_par' dir='ltr' id='par_1_14' title="bbox 1486 1911 1863 1954">
     <span class='ocr_line' id='line_1_20' title="bbox 1486 1911 1863 1954; baseline -0.013 -7"><span class='ocrx_word' id='word_1_133' title='bbox 1486 1912 1574 1954; x_wconf 67' lang='lat' dir='ltr'>Rey.</span> <span class='ocrx_word' id='word_1_134' title='bbox 1594 1911 1682 1945; x_wconf 69' lang='lat' dir='ltr'>bula.</span> <span class='ocrx_word' id='word_1_135' title='bbox 1701 1911 1768 1946; x_wconf 89' lang='lat' dir='ltr'>IV.</span> <span class='ocrx_word' id='word_1_136' title='bbox 1787 1913 1863 1946; x_wconf 75' lang='lat'>218.</span> 
     </span>
    </p>
   </div>
   <div class='ocr_carea' id='block_1_15' title="bbox 372 2042 1870 2099">
    <p class='ocr_par' dir='ltr' id='par_1_15' title="bbox 372 2042 1870 2099">
     <span class='ocr_line' id='line_1_21' title="bbox 372 2042 1870 2099; baseline -0.001 -13"><span class='ocrx_word' id='word_1_137' title='bbox 372 2043 467 2087; x_wconf 82' lang='grc'><strong>153.</strong></span> <span class='ocrx_word' id='word_1_138' title='bbox 505 2048 613 2086; x_wconf 76' lang='lat' dir='ltr'>Cum</span> <span class='ocrx_word' id='word_1_139' title='bbox 633 2049 749 2087; x_wconf 56' lang='lat' dir='ltr'>secut</span> <span class='ocrx_word' id='word_1_140' title='bbox 770 2051 1041 2099; x_wconf 67' lang='lat' dir='ltr'>accepimus.</span> <span class='ocrx_word' id='word_1_141' title='bbox 1072 2068 1098 2073; x_wconf 95' lang='lat'>—</span> <span class='ocrx_word' id='word_1_142' title='bbox 1118 2042 1240 2084; x_wconf 89' lang='lat' dir='ltr'>Pauli</span> <span class='ocrx_word' id='word_1_143' title='bbox 1280 2042 1309 2083; x_wconf 96' lang='lat' dir='ltr'>V</span> <span class='ocrx_word' id='word_1_144' title='bbox 1346 2043 1556 2085; x_wconf 88' lang='lat' dir='ltr'>concessio</span> <span class='ocrx_word' id='word_1_145' title='bbox 1590 2043 1870 2097; x_wconf 86' lang='lat' dir='ltr'>indulgentia-</span> 
     </span>
    </p>
   </div>
   <div class='ocr_carea' id='block_1_16' title="bbox 285 2114 1424 2224">
    <p class='ocr_par' dir='ltr' id='par_1_16' title="bbox 285 2114 1424 2224">
     <span class='ocr_line' id='line_1_22' title="bbox 286 2114 1424 2168; baseline 0.002 -15"><span class='ocrx_word' id='word_1_146' title='bbox 286 2126 378 2154; x_wconf 86' lang='lat' dir='ltr'>rum</span> <span class='ocrx_word' id='word_1_147' title='bbox 401 2119 442 2154; x_wconf 90' lang='lat' dir='ltr'>et</span> <span class='ocrx_word' id='word_1_148' title='bbox 461 2114 693 2166; x_wconf 84' lang='lat' dir='ltr'>gratiarum</span> <span class='ocrx_word' id='word_1_149' title='bbox 714 2129 790 2168; x_wconf 90' lang='lat' dir='ltr'>pro</span> <span class='ocrx_word' id='word_1_150' title='bbox 811 2114 1091 2156; x_wconf 85' lang='lat' dir='ltr'>confratribus</span> <span class='ocrx_word' id='word_1_151' title='bbox 1111 2129 1262 2157; x_wconf 85' lang='lat' dir='ltr'>comm.</span> <span class='ocrx_word' id='word_1_152' title='bbox 1286 2129 1424 2168; x_wconf 83' lang='lat' dir='ltr'>gener.</span> 
     </span>
     <span class='ocr_line' id='line_1_23' title="bbox 285 2179 659 2224; baseline 0.003 -11"><span class='ocrx_word' id='word_1_153' title='bbox 285 2179 426 2216; x_wconf 88' lang='lat' dir='ltr'>XXVII</span> <span class='ocrx_word' id='word_1_154' title='bbox 444 2179 542 2224; x_wconf 85' lang='lat' dir='ltr'>Sept.</span> <span class='ocrx_word' id='word_1_155' title='bbox 565 2183 659 2215; x_wconf 74' lang='lat'>1614.</span> 
     </span>
    </p>
   </div>
   <div class='ocr_carea' id='block_1_17' title="bbox 1607 2296 1868 2331">
    <p class='ocr_par' dir='ltr' id='par_1_17' title="bbox 1607 2296 1868 2331">
     <span class='ocr_line' id='line_1_24' title="bbox 1607 2296 1868 2331; baseline 0.004 -1"><span class='ocrx_word' id='word_1_156' title='bbox 1607 2296 1759 2331; x_wconf 78' lang='lat' dir='ltr'>Elench.</span> <span class='ocrx_word' id='word_1_157' title='bbox 1779 2296 1868 2331; x_wconf 74' lang='lat' dir='ltr'>buu.</span> 
     </span>
    </p>
   </div>
   <div class='ocr_carea' id='block_1_18' title="bbox 284 2443 1868 3071">
    <p class='ocr_par' dir='ltr' id='par_1_18' title="bbox 284 2443 1868 3071">
     <span class='ocr_line' id='line_1_25' title="bbox 366 2443 1866 2498; baseline -0.002 -10"><span class='ocrx_word' id='word_1_158' title='bbox 366 2446 452 2489; x_wconf 80' lang='lat'>154</span> <span class='ocrx_word' id='word_1_159' title='bbox 500 2451 572 2487; x_wconf 61' lang='lat' dir='ltr'>Em</span> <span class='ocrx_word' id='word_1_160' title='bbox 592 2447 795 2489; x_wconf 66' lang='lat' dir='ltr'>iniuncto</span> <span class='ocrx_word' id='word_1_161' title='bbox 815 2447 962 2488; x_wconf 60' lang='lat' dir='ltr'>nobis.</span> <span class='ocrx_word' id='word_1_162' title='bbox 983 2469 1008 2475; x_wconf 94' lang='lat'>-</span> <span class='ocrx_word' id='word_1_163' title='bbox 1029 2444 1150 2486; x_wconf 92' lang='lat' dir='ltr'>Paul.</span> <span class='ocrx_word' id='word_1_164' title='bbox 1174 2443 1226 2497; x_wconf 86' lang='lat' dir='ltr'>V,</span> <span class='ocrx_word' id='word_1_165' title='bbox 1258 2445 1398 2486; x_wconf 89' lang='lat' dir='ltr'>citatis</span> <span class='ocrx_word' id='word_1_166' title='bbox 1428 2444 1508 2485; x_wconf 86' lang='lat' dir='ltr'>litt.</span> <span class='ocrx_word' id='word_1_167' title='bbox 1535 2444 1657 2486; x_wconf 90' lang='lat' dir='ltr'>Pauli</span> <span class='ocrx_word' id='word_1_168' title='bbox 1676 2444 1734 2498; x_wconf 92' lang='lat' dir='ltr'>II,</span> <span class='ocrx_word' id='word_1_169' title='bbox 1761 2452 1866 2490; x_wconf 73' lang='lat' dir='ltr'>Cum</span> 
     </span>
     <span class='ocr_line' id='line_1_26' title="bbox 287 2515 1867 2571; baseline 0 -12"><span class='ocrx_word' id='word_1_170' title='bbox 287 2523 334 2559; x_wconf 77' lang='lat' dir='ltr'>z&#39;n</span> <span class='ocrx_word' id='word_1_171' title='bbox 355 2518 564 2559; x_wconf 55' lang='lat' dir='ltr'>munibus</span> <span class='ocrx_word' id='word_1_172' title='bbox 586 2518 787 2568; x_wconf 64' lang='lat' dir='ltr'>zudz‘cns,</span> <span class='ocrx_word' id='word_1_173' title='bbox 814 2518 935 2568; x_wconf 82' lang='lat'>1465,</span> <span class='ocrx_word' id='word_1_174' title='bbox 959 2519 984 2558; x_wconf 83' lang='lat'>5</span> <span class='ocrx_word' id='word_1_175' title='bbox 1005 2516 1061 2558; x_wconf 89' lang='lat' dir='ltr'>id.</span> <span class='ocrx_word' id='word_1_176' title='bbox 1096 2515 1215 2569; x_wconf 89' lang='lat' dir='ltr'>Maii,</span> <span class='ocrx_word' id='word_1_177' title='bbox 1239 2516 1478 2571; x_wconf 86' lang='lat' dir='ltr'>petentibus</span> <span class='ocrx_word' id='word_1_178' title='bbox 1498 2527 1659 2558; x_wconf 88' lang='lat' dir='ltr'>rectore</span> <span class='ocrx_word' id='word_1_179' title='bbox 1680 2522 1722 2558; x_wconf 87' lang='lat' dir='ltr'>et</span> <span class='ocrx_word' id='word_1_180' title='bbox 1741 2517 1867 2559; x_wconf 91' lang='lat' dir='ltr'>colle-</span> 
     </span>
     <span class='ocr_line' id='line_1_27' title="bbox 284 2586 1864 2639; baseline 0.003 -13"><span class='ocrx_word' id='word_1_181' title='bbox 284 2586 465 2639; x_wconf 86' lang='lat' dir='ltr'>gialibus</span> <span class='ocrx_word' id='word_1_182' title='bbox 486 2587 579 2628; x_wconf 93' lang='lat' dir='ltr'>coll.</span> <span class='ocrx_word' id='word_1_183' title='bbox 602 2587 641 2628; x_wconf 90' lang='lat' dir='ltr'>S.</span> <span class='ocrx_word' id='word_1_184' title='bbox 663 2587 697 2628; x_wconf 93' lang='lat' dir='ltr'>I.</span> <span class='ocrx_word' id='word_1_185' title='bbox 725 2587 979 2638; x_wconf 87' lang='lat' dir='ltr'>Vercellen.,</span> <span class='ocrx_word' id='word_1_186' title='bbox 1002 2587 1175 2629; x_wconf 87' lang='lat' dir='ltr'>mandat</span> <span class='ocrx_word' id='word_1_187' title='bbox 1195 2588 1492 2629; x_wconf 85' lang='lat' dir='ltr'>archidiacono</span> <span class='ocrx_word' id='word_1_188' title='bbox 1508 2588 1607 2629; x_wconf 88' lang='lat' dir='ltr'>eccl.</span> <span class='ocrx_word' id='word_1_189' title='bbox 1630 2587 1864 2630; x_wconf 85' lang='lat' dir='ltr'>Vercellen.</span> 
     </span>
     <span class='ocr_line' id='line_1_28' title="bbox 286 2659 1866 2714; baseline 0.002 -16"><span class='ocrx_word' id='word_1_190' title='bbox 286 2662 329 2698; x_wconf 92' lang='lat' dir='ltr'>et</span> <span class='ocrx_word' id='word_1_191' title='bbox 350 2659 504 2699; x_wconf 76' lang='lat' dir='ltr'>vicario</span> <span class='ocrx_word' id='word_1_192' title='bbox 525 2660 711 2712; x_wconf 89' lang='lat' dir='ltr'>episcopi</span> <span class='ocrx_word' id='word_1_193' title='bbox 747 2659 980 2701; x_wconf 88' lang='lat' dir='ltr'>Vercellen.</span> <span class='ocrx_word' id='word_1_194' title='bbox 1015 2660 1202 2713; x_wconf 83' lang='lat' dir='ltr'>generali</span> <span class='ocrx_word' id='word_1_195' title='bbox 1235 2664 1456 2714; x_wconf 83' lang='lat' dir='ltr'>quatenus,</span> <span class='ocrx_word' id='word_1_196' title='bbox 1481 2661 1515 2701; x_wconf 91' lang='lat' dir='ltr'>si</span> <span class='ocrx_word' id='word_1_197' title='bbox 1550 2661 1593 2701; x_wconf 90' lang='lat' dir='ltr'>in</span> <span class='ocrx_word' id='word_1_198' title='bbox 1629 2660 1866 2702; x_wconf 87' lang='lat' dir='ltr'>evidentem</span> 
     </span>
     <span class='ocr_line' id='line_1_29' title="bbox 285 2729 1866 2785; baseline 0.002 -16"><span class='ocrx_word' id='word_1_199' title='bbox 285 2729 512 2771; x_wconf 83' lang='lat' dir='ltr'>utilitatem</span> <span class='ocrx_word' id='word_1_200' title='bbox 534 2744 748 2772; x_wconf 83' lang='lat' dir='ltr'>cessurum</span> <span class='ocrx_word' id='word_1_201' title='bbox 771 2732 837 2781; x_wconf 84' lang='lat' dir='ltr'>sit,</span> <span class='ocrx_word' id='word_1_202' title='bbox 861 2731 1064 2773; x_wconf 79' lang='lat' dir='ltr'>concedat</span> <span class='ocrx_word' id='word_1_203' title='bbox 1084 2731 1296 2773; x_wconf 87' lang='lat' dir='ltr'>licentiam</span> <span class='ocrx_word' id='word_1_204' title='bbox 1319 2731 1445 2772; x_wconf 85' lang='lat' dir='ltr'>dandi</span> <span class='ocrx_word' id='word_1_205' title='bbox 1480 2732 1522 2772; x_wconf 87' lang='lat' dir='ltr'>in</span> <span class='ocrx_word' id='word_1_206' title='bbox 1558 2731 1866 2785; x_wconf 86' lang='lat' dir='ltr'>emphyteusim</span> 
     </span>
     <span class='ocr_line' id='line_1_30' title="bbox 287 2801 1867 2855; baseline 0.002 -14"><span class='ocrx_word' id='word_1_207' title='bbox 287 2806 534 2854; x_wconf 80' lang='lat' dir='ltr'>perpetuam</span> <span class='ocrx_word' id='word_1_208' title='bbox 559 2803 744 2855; x_wconf 83' lang='lat' dir='ltr'>personis</span> <span class='ocrx_word' id='word_1_209' title='bbox 765 2802 983 2844; x_wconf 90' lang='lat' dir='ltr'>meliorem</span> <span class='ocrx_word' id='word_1_210' title='bbox 1006 2803 1287 2844; x_wconf 88' lang='lat' dir='ltr'>conditionem</span> <span class='ocrx_word' id='word_1_211' title='bbox 1310 2801 1598 2855; x_wconf 86' lang='lat' dir='ltr'>offerentibus,</span> <span class='ocrx_word' id='word_1_212' title='bbox 1629 2817 1688 2844; x_wconf 87' lang='lat' dir='ltr'>vz.</span> <span class='ocrx_word' id='word_1_213' title='bbox 1720 2802 1867 2844; x_wconf 87' lang='lat' dir='ltr'>incolis</span> 
     </span>
     <span class='ocr_line' id='line_1_31' title="bbox 287 2872 1868 2927; baseline 0.002 -15"><span class='ocrx_word' id='word_1_214' title='bbox 287 2872 467 2925; x_wconf 85' lang='lat' dir='ltr'>regionis</span> <span class='ocrx_word' id='word_1_215' title='bbox 503 2873 568 2913; x_wconf 84' lang='lat' dir='ltr'>vel</span> <span class='ocrx_word' id='word_1_216' title='bbox 610 2873 873 2926; x_wconf 84' lang='lat' dir='ltr'>principatus</span> <span class='ocrx_word' id='word_1_217' title='bbox 908 2873 1227 2915; x_wconf 89' lang='lat' dir='ltr'>Pedemontium</span> <span class='ocrx_word' id='word_1_218' title='bbox 1277 2874 1354 2915; x_wconf 92' lang='lat' dir='ltr'>sub</span> <span class='ocrx_word' id='word_1_219' title='bbox 1403 2875 1669 2927; x_wconf 89' lang='lat' dir='ltr'>responsione</span> <span class='ocrx_word' id='word_1_220' title='bbox 1717 2874 1868 2916; x_wconf 87' lang='lat' dir='ltr'>tertiae</span> 
     </span>
     <span class='ocr_line' id='line_1_32' title="bbox 286 2944 1868 2999; baseline 0.001 -15"><span class='ocrx_word' id='word_1_221' title='bbox 286 2945 417 2996; x_wconf 86' lang='lat' dir='ltr'>partis</span> <span class='ocrx_word' id='word_1_222' title='bbox 448 2944 677 2997; x_wconf 82' lang='lat' dir='ltr'>fructuum,</span> <span class='ocrx_word' id='word_1_223' title='bbox 702 2944 876 2997; x_wconf 85' lang='lat' dir='ltr'>praedia</span> <span class='ocrx_word' id='word_1_224' title='bbox 912 2946 1117 2999; x_wconf 83' lang='lat' dir='ltr'>quaedam</span> <span class='ocrx_word' id='word_1_225' title='bbox 1151 2949 1288 2986; x_wconf 86' lang='lat' dir='ltr'>terrae</span> <span class='ocrx_word' id='word_1_226' title='bbox 1322 2946 1479 2987; x_wconf 87' lang='lat' dir='ltr'>sterilis</span> <span class='ocrx_word' id='word_1_227' title='bbox 1514 2951 1555 2987; x_wconf 89' lang='lat' dir='ltr'>et</span> <span class='ocrx_word' id='word_1_228' title='bbox 1587 2946 1868 2999; x_wconf 86' lang='lat' dir='ltr'>possessiones</span> 
     </span>
     <span class='ocr_line' id='line_1_33' title="bbox 284 3016 1867 3071; baseline 0 -13"><span class='ocrx_word' id='word_1_229' title='bbox 284 3017 338 3058; x_wconf 73' lang='lat' dir='ltr'>(Ze</span> <span class='ocrx_word' id='word_1_230' title='bbox 358 3018 402 3058; x_wconf 77' lang='lat' dir='ltr'>la</span> <span class='ocrx_word' id='word_1_231' title='bbox 424 3018 532 3059; x_wconf 65' lang='lat' dir='ltr'>child</span> <span class='ocrx_word' id='word_1_232' title='bbox 553 3021 820 3070; x_wconf 80' lang='lat' dir='ltr'>nuncupatas</span> <span class='ocrx_word' id='word_1_233' title='bbox 841 3017 881 3057; x_wconf 89' lang='lat' dir='ltr'>in</span> <span class='ocrx_word' id='word_1_234' title='bbox 905 3030 1003 3070; x_wconf 83' lang='lat' dir='ltr'>agro</span> <span class='ocrx_word' id='word_1_235' title='bbox 1024 3016 1258 3059; x_wconf 73' lang='lat' dir='ltr'>Vei-cellen.</span> <span class='ocrx_word' id='word_1_236' title='bbox 1282 3018 1524 3071; x_wconf 84' lang='lat' dir='ltr'>capacitatis</span> <span class='ocrx_word' id='word_1_237' title='bbox 1559 3016 1727 3058; x_wconf 90' lang='lat' dir='ltr'>insimul</span> <span class='ocrx_word' id='word_1_238' title='bbox 1764 3016 1867 3058; x_wconf 83' lang='lat'>1700</span> 
     </span>
    </p>
   </div>
  </div>
 </body>
</html>
