1989 3252
105 187 248 230 Clem.
269 184 355 229 XI.
765 208 817 213 —
845 185 926 224 433
955 207 1010 213 —
1547 182 1682 227 1705.

182 274 255 317 28.
287 270 335 311 In
370 283 509 323 congr.
545 284 639 324 gen.
677 270 717 312 S.
755 268 805 312 R.
829 275 869 310 et
905 268 959 311 U.
998 269 1031 311 I.
1160 270 1294 311 relata
1314 268 1531 309 instantia.
1630 267 1676 310 P.

99 341 243 384 Iacobi
262 340 511 382 Gombauld.
548 341 682 394 praef.
707 341 822 382 miss
845 339 886 382 S.
911 340 946 381 Ι.
970 341 1013 381 in
1046 341 1242 383 America
1276 338 1540 380 meridionali
1562 330 1604 380 S.
1628 338 1678 380 D.

101 410 156 454 N.
249 411 516 452 renovavit...
539 410 593 451 ad
616 410 731 451 aliud
751 411 1019 463 septennium
1041 435 1068 441 -
1088 410 1170 452 Ios.
1194 410 1403 461 Bartolus‚
1427 413 1514 450 not.

102 478 142 513 F.
161 481 181 512 5
199 477 257 512 die
273 479 314 513 19
332 476 420 511 Feb.
444 479 540 512 1705.

1304 585 1392 626 Rey.
1412 584 1498 619 bun.
1527 584 1608 618 VII.
1628 587 1681 619 94.

184 718 257 762 29.
279 723 364 761 Con
378 719 686 771 edeficazz'one.
705 741 730 746 -
745 716 794 757 G.
814 716 937 758 Card.
959 716 1220 769 Sacripante‚
1234 715 1366 770 praef.
1380 713 1529 769 Gongr.
1544 714 1682 757 Maca-

101 787 163 828 rio
183 791 226 828 et
241 786 534 829 Abdelmesich
550 787 728 841 aliisque
745 787 1033 829 sacerdotibus
1049 792 1091 828 et
1107 786 1293 828 diaconis
1310 786 1526 829 catholicis
1542 786 1680 839 coftis,

102 859 270 899 nomine
290 857 332 899 S.
356 858 570 899 Pontificis
590 863 633 899 et
653 858 802 911 Congr.
825 858 1063 911 gratulatur
1083 858 1133 899 de
1153 858 1306 899 litteris
1325 858 1478 912 quibus
1498 857 1683 899 studium

102 929 316 970 reunionis
336 942 432 970 cum
454 929 632 971 ecclesia
661 943 832 971 romana
852 928 1193 982 significaverunt
1214 934 1256 970 et
1276 928 1535 982 pontificiam
1557 928 1683 970 bene—

104 999 330 1042 dictionem
351 1001 647 1043 communicat.

104 1068 144 1102 10
162 1066 292 1110 Luglio
311 1068 407 1101 1705.

1306 1173 1394 1218 Rey.
1417 1176 1504 1208 bun.
1532 1174 1613 1210 VII.
1631 1177 1684 1211 96.

185 1297 258 1341 30.
290 1298 511 1339 Redeunti
531 1303 578 1338 εή
599 1297 704 1338 illas
721 1299 894 1350 partes.
918 1317 943 1323 -
963 1292 1094 1335 Clem.
1118 1292 1178 1333 XI
1198 1292 1347 1334 Ioanni
1369 1298 1477 1346 patr.
1503 1294 1685 1336 Alexan-

104 1366 222 1408 drino
242 1367 349 1407 ritus
367 1366 517 1419 graeci,
540 1364 742 1405 redeunte
763 1363 992 1405 Abrahimo
1014 1364 1064 1405 de
1082 1365 1205 1404 Anna
1221 1365 1311 1405 eius
1330 1364 1485 1417 legato,
1502 1365 1687 1417 gratula-

104 1442 173 1478 tur
193 1441 362 1491 propter
382 1437 655 1477 humanitatis
676 1435 812 1476 officia
833 1434 984 1489 quibus
1006 1436 1174 1488 excepit
1194 1449 1242 1476 ac
1264 1435 1366 1476 fovit
1402 1437 1687 1477 missionarios

106 1509 356 1562 apostolicos
376 1514 418 1550 et
438 1510 683 1562 praesertim
703 1506 915 1559 religiosos
934 1508 1044 1547 viros
1066 1506 1106 1548 S.
1128 1506 1161 1548 Ι.
1186 1520 1363 1560 quorum
1394 1520 1522 1560 opera
1543 1507 1688 1548 iuven-

107 1585 242 1622 tutem
264 1581 427 1621 institui
446 1580 652 1633 permisit,
676 1581 886 1619 neminem
907 1578 1155 1619 catholicam
1177 1578 1303 1618 fidem
1334 1578 1531 1630 amplecti
1560 1580 1686 1632 impe-

109 1651 244 1694 diens.

104 1717 140 1752 X
155 1717 223 1753 Iul.
244 1719 329 1752 1705
347 1717 388 1751 P.
409 1728 467 1751 an.
488 1716 530 1750 V.

114 1838 306 1873 Clementzs
322 1837 404 1872 XI..
424 1839 597 1881 epistolae
613 1844 644 1870 et
661 1837 797 1872 brevia.
819 1839 914 1872 1727.
1317 1837 1403 1879 Rea.
1424 1837 1510 1870 bull.
1536 1836 1613 1871 VII.
1634 1839 1687 1871 98.

192 1961 259 2003 31.
293 1958 418 2012 Cong.
446 1959 487 2000 S.
511 1958 638 2000 (lonc.
663 1982 689 1988 -
712 1957 935 1999 Decretum
972 1959 1013 1998 in
1051 1956 1346 2010 Neapolitana,
1372 1970 1524 2009 negans
1549 1971 1690 2009 praes-

109 2030 311 2071 tationem
332 2042 538 2082 congruae
560 2035 602 2069 et
623 2028 918 2070 alimentorum
940 2027 977 2068 N
982 2029 1114 2069 icolao
1137 2029 1188 2069 de
1219 2027 1457 2068 Laurentiis
1478 2028 1648 2068 dimisso
1670 2040 1694 2068 e

112 2100 153 2142 S.
172 2100 208 2142 Ι.

110 2167 131 2202 8
143 2166 240 2209 Aug.
258 2167 354 2201 1705.

1433 2273 1586 2309 Elench.
1606 2273 1682 2307 bule
1688 2299 1697 2309 .

195 2398 267 2442 32.
300 2397 350 2438 A.
374 2395 421 2438 F.
446 2396 496 2437 R.
521 2394 580 2438 M.
606 2402 658 2440 Ut
679 2398 831 2440 dilecti
850 2399 950 2450 filii.
976 2420 1001 2426 -
1023 2395 1155 2438 Clem.
1175 2394 1236 2435 XI
1256 2394 1513 2448 presbyteris
1534 2393 1698 2447 regula-

113 2466 229 2508 ribus
252 2468 295 2508 S.
318 2466 352 2508 I.
376 2468 421 2508 in
440 2466 705 2518 Martinicae‚
728 2466 1016 2519 Guadalupae,
1049 2465 1121 2508 SS.
1143 2466 1449 2519 Christophori‚
1489 2465 1698 2506 Dominici

115 2543 157 2579 et
179 2537 405 2589 Vincentii,
427 2551 476 2579 ac
497 2536 708 2579 Caiennae
729 2551 825 2578 cum
845 2537 949 2578 locis
984 2536 1274 2578 adiacentibus
1310 2535 1510 2576 Ludovici
1545 2534 1577 2575 F
1579 2548 1696 2576 ranc.

115 2610 222 2662 regis
243 2608 459 2660 subiectis,
482 2622 641 2650 necnon
658 2608 962 2660 Marigallensis
979 2607 1143 2658 insulis,
1163 2607 1408 2648 facultatem
1427 2605 1698 2658 dispensandi

118 2693 211 2720 cum
232 2680 393 2732 nigritis
414 2679 637 2732 neophytis
658 2680 702 2719 in
723 2680 869 2732 quovis
889 2677 1018 2730 gradu
1041 2692 1065 2718 a
1100 2679 1190 2718 iure
1213 2677 1352 2718 divino
1373 2690 1456 2717 non
1486 2675 1697 2730 prohibito

116 2751 250 2804 primo
273 2755 435 2791 tantum
456 2755 648 2803 excepto,
671 2749 862 2791 concedit
883 2748 936 2790 ad
957 2751 1009 2791 20
1031 2762 1178 2801 annos,
1194 2748 1333 2789 ‘donec
1355 2748 1508 2800 aliquis
1537 2747 1698 2799 episco-

120 2834 248 2875 copus
269 2822 562 2863 constituatur.

116 2886 162 2923 R.
180 2898 238 2930 ap.
259 2887 296 2922 S.
315 2888 364 2921 M.
385 2887 436 2921 M.
455 2887 506 2923 XI
524 2889 617 2930 Aug.
638 2890 722 2922 1705
740 2887 780 2920 P.
802 2897 860 2921 an.
885 2886 928 2920 V.

117 3001 180 3035 Eoe
199 3008 274 3046 cyp.
294 3012 387 3037 cam.
407 3005 525 3044 apost.
1326 3001 1415 3044 Rey.
1436 2999 1525 3033 bull.
1556 2997 1630 3032 VII.
1649 2999 1704 3032 97.
