1989 3252
289 231 427 285 (ηοξ.
452 231 551 274 XV.
968 254 1021 259 ——
1050 231 1131 270 294
1160 255 1213 260 -
1750 233 1876 277 1621.

284 317 394 358 stain
429 320 471 357 et
511 315 788 357 Meremunda
822 316 878 357 du
914 316 1015 357 Halt
1054 317 1234 358 dominis
1276 319 1319 358 in
1361 318 1666 371 temporalibus
1705 318 1786 360 loci
1827 319 1879 360 de

285 388 521 440 Magnieres
543 387 706 428 Tullen.
734 388 882 439 dioec.‚
906 387 1077 429 mandat
1113 388 1361 430 scholastico
1393 389 1498 431 eccl.
1523 389 1688 431 Tullen.
1713 403 1762 431 ac
1793 390 1880 431 offi-

284 460 382 500 ciali
430 458 595 499 Tullen.
639 468 687 499 ut
735 460 770 500 si
810 460 853 500 in
898 459 1160 512 evidentem,
1205 466 1370 514 partem
1419 461 1678 502 decimarum
1717 463 1880 503 ratione

286 531 496 585 prioratus
517 530 793 583 Asprimontii
817 530 1046 573 Virdunen.
1072 531 1206 574 dioec.
1232 532 1407 585 collegio
1429 531 1470 574 S.
1501 532 1536 574 Ι.
1562 532 1879 587 Mussipontano

285 603 395 644 uniti
410 603 454 642 in
469 600 705 655 Magnieres
721 606 764 644 et
783 601 1096 655 Sampiermont
1112 604 1151 644 ei
1168 604 1500 657 competentium
1524 605 1878 657 permutationem

284 681 454 728 propter
475 674 719 715 distantiam
743 677 764 715 2
787 675 951 716 dierum
973 675 1136 716 itineris
1158 680 1200 717 et
1218 676 1314 718 lites
1332 681 1517 729 exortas,
1537 690 1668 730 quum
1689 676 1880 717 redditus

286 748 383 799 (100
405 746 501 787 duc.
525 747 636 799 auri)
657 760 739 786 non
761 747 842 787 nisi
863 760 986 799 aegre
1017 746 1071 788 ad
1091 747 1132 789 d.
1157 747 1379 800 collegium
1401 748 1497 789 vehi
1530 748 1706 801 possint,
1729 747 1883 788 confir·

283 824 617 871 ment3summa
652 820 759 860 3400
794 818 924 859 franc.
966 818 1263 872 Lotharingiae
1301 821 1400 874 (680
1436 820 1552 874 duc.)
1572 820 1616 860 in
1645 821 1881 873 emporium

285 890 465 932 aliorum
488 889 691 930 bonorum
714 889 915 931 solvenda
935 889 976 931 d.
999 890 1192 944 collegio.

286 958 328 993 R.
350 969 408 1000 ap.
429 957 465 991 S.
484 957 534 992 M.
554 957 605 992 M.
627 957 675 992 VI
693 957 767 990 kal.
788 958 880 1000 Aug.
904 960 987 992 1621
1008 957 1049 993 Ρ.
1070 969 1130 992 an.
1149 958 1176 994 Ι.

1552 1053 1639 1096 Rey.
1656 1052 1744 1086 buzl.
1768 1052 1807 1087 V.
1827 1055 1883 1089 47.

370 1164 435 1206 11.
471 1169 541 1206 Ex
557 1165 815 1218 pastoralis
835 1166 986 1217 offic-ll.
1009 1186 1035 1192 —
1056 1160 1180 1214 Greg.
1204 1160 1296 1212 XV,
1320 1161 1563 1215 petentibus
1594 1163 1733 1215 priore
1768 1161 1884 1203 clau-

291 1233 409 1274 strali
429 1237 472 1274 et
492 1238 699 1275 conventu
720 1234 867 1275 maior.
893 1233 1140 1275 monasterii
1160 1233 1372 1275 Turonen.
1397 1232 1445 1275 O.
1465 1233 1507 1275 S.
1529 1235 1633 1276 Ben.
1658 1239 1702 1275 et
1720 1238 1884 1275 rectore

289 1310 332 1347 et
351 1305 492 1358 presb.
515 1305 611 1346 coll.
636 1305 678 1347 S.
702 1305 735 1346 I.
760 1305 955 1357 Remen.,
979 1311 1073 1359 post
1094 1309 1265 1346 exortas
1287 1319 1414 1359 super
1448 1305 1532 1347 litt.
1557 1305 1680 1346 Pauli
1716 1305 1749 1346 V
1788 1305 1881 1359 (cfr.

291 1391 333 1418 n.
360 1378 456 1430 160)
479 1376 530 1418 de
551 1378 706 1418 unione
727 1378 938 1430 prioratus
960 1375 1001 1418 S.
1026 1376 1216 1418 Mauritii
1238 1391 1334 1418 cum
1351 1377 1390 1418 d.
1411 1376 1585 1430 collegio
1602 1377 1715 1429 lites,
1733 1377 1884 1418 initam

290 1449 401 1489 inter
422 1448 568 1501 Aegid.
593 1447 787 1490 Gaultier
807 1447 847 1490 S.
872 1448 906 1490 I.
931 1449 1201 1502 provincialis
1222 1448 1479 1502 Campaniae
1500 1449 1669 1490 nomine
1691 1454 1884 1501 agentem

293 1524 336 1562 et
370 1520 410 1562 (1.
449 1522 750 1563 monasterium
787 1535 812 1562 a
846 1534 927 1575 quo
964 1520 1003 1562 d.
1042 1521 1254 1575 prioratus
1294 1520 1576 1574 dependebat,
1617 1519 1886 1562 concordiam

291 1592 499 1646 approbat
524 1609 531 1635 :
556 1594 767 1646 prioratus
790 1593 931 1634 unitus
957 1597 1175 1634 remaneat
1195 1597 1237 1634 et
1263 1592 1303 1634 d.
1342 1592 1564 1646 collegium
1595 1591 1886 1634 benefactores

290 1678 520 1718 agnoscens
541 1666 622 1707 200
642 1664 774 1706 libras
794 1669 1043 1706 turonenses
1079 1678 1250 1706 mensae
1284 1663 1508 1717 abbatiali,
1545 1665 1626 1706 200
1661 1663 1886 1705 seminario

292 1737 539 1778 monasterii
559 1741 640 1779 etc.
664 1742 867 1779 reservet.

294 1805 335 1839 R.
356 1815 412 1848 ap.
433 1803 470 1838 S.
489 1804 539 1839 M.
562 1804 612 1837 M.
633 1804 680 1838 id.
701 1805 796 1847 Aug.
820 1806 902 1839 1621
922 1803 963 1837 Ρ.
983 1814 1042 1837 an.
1062 1803 1090 1838 Ι.

1510 1897 1599 1941 Ray.
1619 1896 1706 1930 bun.
1735 1896 1773 1931 v,
1791 1898 1833 1930 49
1850 1895 1885 1930 b.

376 2012 444 2056 12.
481 2012 616 2052 Urbis
635 2014 813 2051 vestrae
833 2009 1102 2063 amplitudo.
1132 2031 1158 2036 —
1193 2005 1314 2059 Greg.
1354 2004 1432 2047 XV
1467 2005 1575 2047 Duci
1612 2005 1885 2048 Venetiarum

292 2081 565 2135 presbyteros
599 2080 641 2121 S.
678 2079 712 2121 I.
737 2078 1021 2131 commendat,
1041 2092 1144 2132 quos
1175 2079 1414 2131 Americae,
1450 2077 1581 2129 Indis,
1604 2077 1716 2119 Sinis
1750 2082 1886 2119 caete-

291 2155 432 2207 risque
454 2153 551 2193 novi
573 2152 686 2193 orbis
706 2151 873 2205 populis
894 2150 1119 2202 salutares,
1142 2149 1269 2191 Italia
1290 2155 1334 2191 et
1357 2149 1518 2191 Veneta
1537 2150 1641 2191 ditio
1663 2150 1708 2190 in
1740 2150 1885 2191 iuven-

289 2226 392 2266 tutis
414 2224 681 2265 institutione
703 2226 745 2264 et
766 2222 936 2276 pietatis
958 2221 1109 2263 studiis
1131 2221 1378 2263 exercendis
1401 2221 1526 2263 utiles
1548 2220 1817 2262 testificatur.

290 2293 331 2326 R.
352 2303 412 2334 ap.
432 2291 468 2325 S.
488 2290 539 2324 M.
559 2290 608 2325 M.
632 2290 714 2324 XIV
734 2290 829 2332 Aug.
855 2291 932 2324 1621
955 2289 995 2322 Ρ.
1016 2300 1075 2322 an.
1094 2289 1122 2324 I.

287 2386 359 2420 Iul.
380 2385 547 2429 Poyiam‘
565 2388 666 2429 epist.
687 2385 827 2420 Romae
846 2385 943 2425 1767,
964 2382 1016 2418 II.
1038 2385 1113 2418 171.
1625 2380 1775 2416 Elench.
1797 2381 1885 2417 bull.

375 2498 445 2541 13.
481 2499 714 2536 Romanus
735 2493 967 2546 Pontz'feoe.
991 2516 1018 2522 -
1037 2491 1158 2544 Greg.
1179 2489 1299 2542 XIII,
1318 2490 1560 2544 petentibus
1576 2495 1678 2533 rect.
1693 2496 1741 2533 et
1757 2490 1884 2534 colle-

291 2567 473 2622 gialibus
494 2565 589 2608 coll.
615 2564 654 2606 S.
679 2563 713 2605 Ι.
746 2563 1006 2614 Passavien.,
1029 2562 1203 2604 mandat
1234 2561 1403 2604 officiali
1438 2562 1680 2605 Passavien.
1704 2567 1752 2604 ut
1786 2576 1883 2604 cum

293 2639 334 2680 d.
358 2639 534 2692 collegio
555 2637 677 2677 uniat
698 2636 1000 2677 monasterium
1022 2635 1269 2676 monialium
1288 2633 1370 2676 loci
1392 2633 1443 2676 de
1465 2634 1744 2676 Traumkirch
1765 2634 1814 2676 Ο.
1839 2632 1880 2676 S.

292 2711 341 2752 B.
380 2710 420 2752 d.
459 2709 612 2760 dioec.‚
645 2721 670 2749 a
704 2706 893 2761 pluribus
927 2707 1051 2747 annis
1086 2720 1138 2748 ex
1170 2707 1372 2760 temporis
1408 2710 1450 2747 et
1487 2706 1692 2748 bellorum
1727 2706 1884 2747 iniuria

293 2782 497 2836 regimine
518 2780 756 2821 abbatissae
776 2783 819 2819 et
838 2777 1094 2819 monialibus
1128 2778 1392 2830 destitutum,
1417 2777 1466 2818 de
1502 2790 1707 2819 consensu
1737 2776 1881 2819 Ferdi-

290 2853 419 2895 nandi
441 2852 561 2894 Rom.
586 2851 693 2904 regis
728 2851 772 2891 in
801 2849 1103 2904 Imperatorem
1139 2849 1262 2891 electi
1297 2848 1349 2890 de
1383 2849 1503 2890 cuius
1537 2850 1881 2902 iurepatronatus

291 2929 444 3026 rI‘Ztsculi
462 2990 546 3026 VIII
563 2989 637 3024 kal.
659 2988 738 3024 Oct.
760 2990 842 3023 1621
863 2987 904 3021 Ρ.
925 2998 983 3022 an.
1004 2987 1033 3023 I.

1529 3081 1611 3124 Req.
1634 3080 1722 3115 hutz.
1750 3081 1788 3115 v.
1810 3083 1885 3118 127.
1956 3062 1966 3084 '‘·
