<?xml version="1.0" encoding="UTF-8"?>
<!DOCTYPE html PUBLIC "-//W3C//DTD XHTML 1.0 Transitional//EN"
    "http://www.w3.org/TR/xhtml1/DTD/xhtml1-transitional.dtd">
<html xmlns="http://www.w3.org/1999/xhtml" xml:lang="en" lang="en">
 <head>
  <title>
</title>
<meta http-equiv="Content-Type" content="text/html;charset=utf-8" />
  <meta name='ocr-system' content='tesseract 3.04.00' />
  <meta name='ocr-capabilities' content='ocr_page ocr_carea ocr_par ocr_line ocrx_word'/>
</head>
<body>
  <div class='ocr_page' id='page_1' title='image "./synopsisactorums02delp_0022.png"; bbox 0 0 1989 3189; ppageno 0'>
   <div class='ocr_carea' id='block_1_1' title="bbox 247 218 1828 267">
    <p class='ocr_par' dir='ltr' id='par_1_1' title="bbox 247 218 1828 267">
     <span class='ocr_line' id='line_1_1' title="bbox 247 218 1828 267; baseline -0.004 1"><span class='ocrx_word' id='word_1_1' title='bbox 247 222 392 267; x_wconf 70' lang='lat' dir='ltr'>Pauli</span> <span class='ocrx_word' id='word_1_2' title='bbox 411 222 466 266; x_wconf 87' lang='lat' dir='ltr'>V.</span> <span class='ocrx_word' id='word_1_3' title='bbox 925 243 977 248; x_wconf 86' lang='lat'><em>-</em></span> <span class='ocrx_word' id='word_1_4' title='bbox 1005 218 1086 260; x_wconf 79' lang='lat'>238</span> <span class='ocrx_word' id='word_1_5' title='bbox 1115 243 1169 249; x_wconf 90' lang='lat'>—-</span> <span class='ocrx_word' id='word_1_6' title='bbox 1702 221 1828 266; x_wconf 72' lang='lat'>1607.</span> 
     </span>
    </p>
   </div>
   <div class='ocr_carea' id='block_1_2' title="bbox 244 306 1841 575">
    <p class='ocr_par' dir='ltr' id='par_1_2' title="bbox 244 306 1841 575">
     <span class='ocr_line' id='line_1_2' title="bbox 244 306 1834 362; baseline -0.001 -12"><span class='ocrx_word' id='word_1_7' title='bbox 244 308 380 350; x_wconf 86' lang='lat' dir='ltr'>tendit</span> <span class='ocrx_word' id='word_1_8' title='bbox 400 307 453 349; x_wconf 88' lang='lat' dir='ltr'>ad</span> <span class='ocrx_word' id='word_1_9' title='bbox 473 306 721 349; x_wconf 72' lang='lat' dir='ltr'>utramlibet</span> <span class='ocrx_word' id='word_1_10' title='bbox 749 306 926 348; x_wconf 88' lang='lat' dir='ltr'>duarum</span> <span class='ocrx_word' id='word_1_11' title='bbox 954 307 1156 348; x_wconf 81' lang='lat' dir='ltr'>feriarum</span> <span class='ocrx_word' id='word_1_12' title='bbox 1185 307 1428 349; x_wconf 77' lang='lat' dir='ltr'>immediate</span> <span class='ocrx_word' id='word_1_13' title='bbox 1458 307 1723 362; x_wconf 87' lang='lat' dir='ltr'>sequentium</span> <span class='ocrx_word' id='word_1_14' title='bbox 1747 324 1756 361; x_wconf 81' lang='lat'><em>3</em></span> <span class='ocrx_word' id='word_1_15' title='bbox 1789 309 1834 349; x_wconf 89' lang='lat' dir='ltr'>in</span> 
     </span>
     <span class='ocr_line' id='line_1_3' title="bbox 246 377 1833 433; baseline -0.001 -13"><span class='ocrx_word' id='word_1_16' title='bbox 246 380 359 421; x_wconf 86' lang='lat' dir='ltr'>civit.</span> <span class='ocrx_word' id='word_1_17' title='bbox 383 392 479 420; x_wconf 86' lang='lat' dir='ltr'>vero</span> <span class='ocrx_word' id='word_1_18' title='bbox 501 377 809 420; x_wconf 80' lang='lat' dir='ltr'>Mediolanensi</span> <span class='ocrx_word' id='word_1_19' title='bbox 830 377 1073 431; x_wconf 87' lang='lat' dir='ltr'>hujusmodi</span> <span class='ocrx_word' id='word_1_20' title='bbox 1102 379 1335 421; x_wconf 84' lang='lat' dir='ltr'>orationem</span> <span class='ocrx_word' id='word_1_21' title='bbox 1355 379 1466 420; x_wconf 87' lang='lat' dir='ltr'>infra</span> <span class='ocrx_word' id='word_1_22' title='bbox 1490 380 1538 420; x_wconf 85' lang='lat'>15</span> <span class='ocrx_word' id='word_1_23' title='bbox 1561 392 1631 420; x_wconf 87' lang='lat' dir='ltr'>eos</span> <span class='ocrx_word' id='word_1_24' title='bbox 1651 378 1741 421; x_wconf 88' lang='lat' dir='ltr'>dies</span> <span class='ocrx_word' id='word_1_25' title='bbox 1761 379 1833 433; x_wconf 90' lang='lat' dir='ltr'>qui</span> 
     </span>
     <span class='ocr_line' id='line_1_4' title="bbox 245 449 1835 504; baseline -0.001 -12"><span class='ocrx_word' id='word_1_26' title='bbox 245 451 500 493; x_wconf 81' lang='lat' dir='ltr'>dominicam</span> <span class='ocrx_word' id='word_1_27' title='bbox 519 450 699 503; x_wconf 83' lang='lat' dir='ltr'>primam</span> <span class='ocrx_word' id='word_1_28' title='bbox 720 449 1066 504; x_wconf 83' lang='lat' dir='ltr'>quadragesimae</span> <span class='ocrx_word' id='word_1_29' title='bbox 1081 450 1325 492; x_wconf 78' lang='lat' dir='ltr'>immediate</span> <span class='ocrx_word' id='word_1_30' title='bbox 1346 449 1621 504; x_wconf 85' lang='lat' dir='ltr'>praecedunt,</span> <span class='ocrx_word' id='word_1_31' title='bbox 1640 452 1665 492; x_wconf 89' lang='grc'><strong>3</strong></span> <span class='ocrx_word' id='word_1_32' title='bbox 1686 450 1835 492; x_wconf 86' lang='lat' dir='ltr'>diebus</span> 
     </span>
     <span class='ocr_line' id='line_1_5' title="bbox 244 520 1841 575; baseline 0 -12"><span class='ocrx_word' id='word_1_33' title='bbox 244 522 420 564; x_wconf 88' lang='lat' dir='ltr'>arbitrio</span> <span class='ocrx_word' id='word_1_34' title='bbox 441 520 660 562; x_wconf 85' lang='lat' dir='ltr'>Generalis</span> <span class='ocrx_word' id='word_1_35' title='bbox 682 520 900 574; x_wconf 81' lang='lat' dir='ltr'>eligendis,</span> <span class='ocrx_word' id='word_1_36' title='bbox 923 521 1069 563; x_wconf 87' lang='lat' dir='ltr'>haberi</span> <span class='ocrx_word' id='word_1_37' title='bbox 1090 535 1211 575; x_wconf 87' lang='lat' dir='ltr'>posse</span> <span class='ocrx_word' id='word_1_38' title='bbox 1241 521 1448 563; x_wconf 84' lang='lat' dir='ltr'>concedit.</span> <span class='ocrx_word' id='word_1_39' title='bbox 1473 521 1770 563; x_wconf 82' lang='lat' dir='ltr'>Praesentibus</span> <span class='ocrx_word' id='word_1_40' title='bbox 1787 520 1841 563; x_wconf 88' lang='lat' dir='ltr'>ad</span> 
     </span>
    </p>
   </div>
   <div class='ocr_carea' id='block_1_3' title="bbox 244 592 1779 646">
    <p class='ocr_par' dir='ltr' id='par_1_3' title="bbox 244 592 1779 646">
     <span class='ocr_line' id='line_1_6' title="bbox 244 592 1779 646; baseline -0.001 -11"><span class='ocrx_word' id='word_1_41' title='bbox 244 598 411 646; x_wconf 85' lang='lat' dir='ltr'>tempus</span> <span class='ocrx_word' id='word_1_42' title='bbox 431 594 474 633; x_wconf 89' lang='lat' dir='ltr'>in</span> <span class='ocrx_word' id='word_1_43' title='bbox 495 592 591 634; x_wconf 89' lang='lat' dir='ltr'>aliis</span> <span class='ocrx_word' id='word_1_44' title='bbox 611 592 762 633; x_wconf 88' lang='lat' dir='ltr'>litteris</span> <span class='ocrx_word' id='word_1_45' title='bbox 784 593 1094 646; x_wconf 85' lang='lat' dir='ltr'>praescriptum</span> <span class='ocrx_word' id='word_1_46' title='bbox 1115 596 1157 634; x_wconf 86' lang='lat' dir='ltr'>et</span> <span class='ocrx_word' id='word_1_47' title='bbox 1178 593 1363 635; x_wconf 89' lang='lat' dir='ltr'>nondum</span> <span class='ocrx_word' id='word_1_48' title='bbox 1384 592 1552 634; x_wconf 89' lang='lat' dir='ltr'>finitum</span> <span class='ocrx_word' id='word_1_49' title='bbox 1572 593 1779 634; x_wconf 86' lang='lat' dir='ltr'>valituris.</span> 
     </span>
    </p>
   </div>
   <div class='ocr_carea' id='block_1_4' title="bbox 244 658 1836 810">
    <p class='ocr_par' dir='ltr' id='par_1_4' title="bbox 244 658 1836 810">
     <span class='ocr_line' id='line_1_7' title="bbox 245 658 988 702; baseline -0.001 -9"><span class='ocrx_word' id='word_1_50' title='bbox 245 659 287 693; x_wconf 89' lang='lat' dir='ltr'>R.</span> <span class='ocrx_word' id='word_1_51' title='bbox 307 670 364 702; x_wconf 86' lang='lat' dir='ltr'>ap.</span> <span class='ocrx_word' id='word_1_52' title='bbox 385 659 420 694; x_wconf 90' lang='lat' dir='ltr'>S.</span> <span class='ocrx_word' id='word_1_53' title='bbox 442 658 481 692; x_wconf 85' lang='lat' dir='ltr'>P.</span> <span class='ocrx_word' id='word_1_54' title='bbox 503 658 570 694; x_wconf 92' lang='lat' dir='ltr'>VII</span> <span class='ocrx_word' id='word_1_55' title='bbox 590 659 677 692; x_wconf 85' lang='lat' dir='ltr'>Feb.</span> <span class='ocrx_word' id='word_1_56' title='bbox 701 661 785 693; x_wconf 84' lang='lat'>1607</span> <span class='ocrx_word' id='word_1_57' title='bbox 803 658 843 692; x_wconf 89' lang='lat' dir='ltr'>P.</span> <span class='ocrx_word' id='word_1_58' title='bbox 864 669 924 692; x_wconf 87' lang='lat' dir='ltr'>an.</span> <span class='ocrx_word' id='word_1_59' title='bbox 943 658 988 693; x_wconf 82' lang='lat'>11.</span> 
     </span>
     <span class='ocr_line' id='line_1_8' title="bbox 287 712 1836 757; baseline 0 -10"><span class='ocrx_word' id='word_1_60' title='bbox 287 713 400 753; x_wconf 81' lang='lat' dir='ltr'>(Nota</span> <span class='ocrx_word' id='word_1_61' title='bbox 417 725 423 747; x_wconf 90' lang='lat'>:</span> <span class='ocrx_word' id='word_1_62' title='bbox 443 715 462 746; x_wconf 92' lang='lat'>3</span> <span class='ocrx_word' id='word_1_63' title='bbox 481 712 584 746; x_wconf 71' lang='lat' dir='ltr'>xbris</span> <span class='ocrx_word' id='word_1_64' title='bbox 604 715 686 747; x_wconf 87' lang='lat'>1611</span> <span class='ocrx_word' id='word_1_65' title='bbox 707 712 769 747; x_wconf 90' lang='lat' dir='ltr'>SS.</span> <span class='ocrx_word' id='word_1_66' title='bbox 791 714 833 748; x_wconf 91' lang='lat' dir='ltr'>D.</span> <span class='ocrx_word' id='word_1_67' title='bbox 856 713 990 747; x_wconf 84' lang='lat' dir='ltr'>Paulus</span> <span class='ocrx_word' id='word_1_68' title='bbox 1009 713 1111 756; x_wconf 88' lang='lat' dir='ltr'>Papa</span> <span class='ocrx_word' id='word_1_69' title='bbox 1128 713 1160 747; x_wconf 92' lang='lat' dir='ltr'>V</span> <span class='ocrx_word' id='word_1_70' title='bbox 1178 713 1385 757; x_wconf 85' lang='lat' dir='ltr'>prorogavit</span> <span class='ocrx_word' id='word_1_71' title='bbox 1402 713 1447 748; x_wconf 85' lang='lat' dir='ltr'>ad</span> <span class='ocrx_word' id='word_1_72' title='bbox 1466 716 1630 756; x_wconf 69' lang='lat' dir='ltr'>septena.</span> <span class='ocrx_word' id='word_1_73' title='bbox 1651 724 1673 748; x_wconf 93' lang='lat' dir='ltr'>a</span> <span class='ocrx_word' id='word_1_74' title='bbox 1697 712 1755 747; x_wconf 89' lang='lat' dir='ltr'>die</span> <span class='ocrx_word' id='word_1_75' title='bbox 1773 724 1836 756; x_wconf 91' lang='lat' dir='ltr'>pu-</span> 
     </span>
     <span class='ocr_line' id='line_1_9' title="bbox 244 767 742 810; baseline -0.004 -7"><span class='ocrx_word' id='word_1_76' title='bbox 244 767 451 803; x_wconf 85' lang='lat' dir='ltr'>blicationis</span> <span class='ocrx_word' id='word_1_77' title='bbox 470 767 742 810; x_wconf 86' lang='lat' dir='ltr'>inchoandum).</span> 
     </span>
    </p>
   </div>
   <div class='ocr_carea' id='block_1_5' title="bbox 1481 867 1834 910">
    <p class='ocr_par' dir='ltr' id='par_1_5' title="bbox 1481 867 1834 910">
     <span class='ocr_line' id='line_1_10' title="bbox 1481 867 1834 910; baseline -0.003 -8"><span class='ocrx_word' id='word_1_78' title='bbox 1481 868 1567 910; x_wconf 74' lang='lat' dir='ltr'>Rey.</span> <span class='ocrx_word' id='word_1_79' title='bbox 1589 867 1678 903; x_wconf 76' lang='lat' dir='ltr'>bull.</span> <span class='ocrx_word' id='word_1_80' title='bbox 1697 867 1760 902; x_wconf 85' lang='lat' dir='ltr'>IV.</span> <span class='ocrx_word' id='word_1_81' title='bbox 1781 869 1834 901; x_wconf 89' lang='lat'>40.</span> 
     </span>
    </p>
   </div>
   <div class='ocr_carea' id='block_1_6' title="bbox 245 976 1846 1246">
    <p class='ocr_par' dir='ltr' id='par_1_6' title="bbox 245 976 1846 1246">
     <span class='ocr_line' id='line_1_11' title="bbox 329 976 1837 1034; baseline -0.004 -10"><span class='ocrx_word' id='word_1_82' title='bbox 329 982 401 1025; x_wconf 69' lang='lat'>36.</span> <span class='ocrx_word' id='word_1_83' title='bbox 436 986 557 1026; x_wconf 73' lang='lat' dir='ltr'>Quae</span> <span class='ocrx_word' id='word_1_84' title='bbox 587 982 717 1023; x_wconf 73' lang='lat' dir='ltr'>nobis</span> <span class='ocrx_word' id='word_1_85' title='bbox 744 976 1247 1034; x_wconf 66' lang='lat' dir='ltr'>se&#39;ynisicavit.-Paul.V</span> <span class='ocrx_word' id='word_1_86' title='bbox 1263 976 1465 1018; x_wconf 84' lang='lat' dir='ltr'>Iacobum</span> <span class='ocrx_word' id='word_1_87' title='bbox 1487 977 1731 1030; x_wconf 90' lang='lat' dir='ltr'>episcopum</span> <span class='ocrx_word' id='word_1_88' title='bbox 1753 976 1837 1018; x_wconf 91' lang='lat' dir='ltr'>Au-</span> 
     </span>
     <span class='ocr_line' id='line_1_12' title="bbox 246 1047 1838 1103; baseline -0.001 -12"><span class='ocrx_word' id='word_1_89' title='bbox 246 1051 461 1091; x_wconf 86' lang='lat' dir='ltr'>domaren.</span> <span class='ocrx_word' id='word_1_90' title='bbox 496 1049 642 1091; x_wconf 83' lang='lat' dir='ltr'>laudat</span> <span class='ocrx_word' id='word_1_91' title='bbox 666 1049 715 1091; x_wconf 89' lang='lat' dir='ltr'>de</span> <span class='ocrx_word' id='word_1_92' title='bbox 747 1049 920 1090; x_wconf 87' lang='lat' dir='ltr'>consilio</span> <span class='ocrx_word' id='word_1_93' title='bbox 952 1048 1146 1091; x_wconf 85' lang='lat' dir='ltr'>tradendi</span> <span class='ocrx_word' id='word_1_94' title='bbox 1174 1049 1511 1103; x_wconf 85' lang='lat' dir='ltr'>praeposituram</span> <span class='ocrx_word' id='word_1_95' title='bbox 1540 1047 1838 1090; x_wconf 88' lang='lat' dir='ltr'>Watenensem</span> 
     </span>
     <span class='ocr_line' id='line_1_13' title="bbox 250 1119 1846 1174; baseline -0.001 -11"><span class='ocrx_word' id='word_1_96' title='bbox 250 1121 442 1163; x_wconf 86' lang='lat' dir='ltr'>Patribus</span> <span class='ocrx_word' id='word_1_97' title='bbox 466 1122 507 1163; x_wconf 91' lang='lat' dir='ltr'>S.</span> <span class='ocrx_word' id='word_1_98' title='bbox 533 1121 568 1163; x_wconf 91' lang='lat' dir='ltr'>I.</span> <span class='ocrx_word' id='word_1_99' title='bbox 593 1123 635 1162; x_wconf 92' lang='lat' dir='ltr'>in</span> <span class='ocrx_word' id='word_1_100' title='bbox 668 1121 819 1174; x_wconf 83' lang='lat' dir='ltr'>Anglia</span> <span class='ocrx_word' id='word_1_101' title='bbox 849 1120 1139 1162; x_wconf 85' lang='lat' dir='ltr'>laborantibus</span> <span class='ocrx_word' id='word_1_102' title='bbox 1170 1125 1213 1162; x_wconf 88' lang='lat' dir='ltr'>et</span> <span class='ocrx_word' id='word_1_103' title='bbox 1242 1119 1455 1173; x_wconf 82' lang='lat' dir='ltr'>significat</span> <span class='ocrx_word' id='word_1_104' title='bbox 1484 1133 1529 1162; x_wconf 91' lang='lat' dir='ltr'>se</span> <span class='ocrx_word' id='word_1_105' title='bbox 1549 1119 1751 1161; x_wconf 89' lang='lat' dir='ltr'>mandare</span> <span class='ocrx_word' id='word_1_106' title='bbox 1772 1132 1846 1171; x_wconf 26' lang='lat' dir='ltr'>ar·-</span> 
     </span>
     <span class='ocr_line' id='line_1_14' title="bbox 245 1190 1838 1246; baseline -0.001 -12"><span class='ocrx_word' id='word_1_107' title='bbox 245 1193 394 1246; x_wconf 74' lang='lat' dir='ltr'>chiepo</span> <span class='ocrx_word' id='word_1_108' title='bbox 416 1192 678 1235; x_wconf 87' lang='lat' dir='ltr'>Damasceno</span> <span class='ocrx_word' id='word_1_109' title='bbox 702 1191 863 1234; x_wconf 87' lang='lat' dir='ltr'>Nuntio</span> <span class='ocrx_word' id='word_1_110' title='bbox 884 1192 963 1246; x_wconf 90' lang='lat' dir='ltr'>Ap.</span> <span class='ocrx_word' id='word_1_111' title='bbox 988 1193 1033 1233; x_wconf 89' lang='lat' dir='ltr'>in</span> <span class='ocrx_word' id='word_1_112' title='bbox 1054 1192 1197 1245; x_wconf 84' lang='lat' dir='ltr'>Belgio</span> <span class='ocrx_word' id='word_1_113' title='bbox 1229 1196 1277 1233; x_wconf 86' lang='lat' dir='ltr'>ut</span> <span class='ocrx_word' id='word_1_114' title='bbox 1298 1205 1397 1233; x_wconf 90' lang='lat' dir='ltr'>cum</span> <span class='ocrx_word' id='word_1_115' title='bbox 1421 1191 1592 1233; x_wconf 89' lang='lat' dir='ltr'>Alberto</span> <span class='ocrx_word' id='word_1_116' title='bbox 1613 1190 1838 1233; x_wconf 80' lang='lat' dir='ltr'>archiduce</span> 
     </span>
    </p>
   </div>
   <div class='ocr_carea' id='block_1_7' title="bbox 243 1264 1128 1374">
    <p class='ocr_par' dir='ltr' id='par_1_7' title="bbox 243 1264 1128 1374">
     <span class='ocr_line' id='line_1_15' title="bbox 246 1264 585 1317; baseline -0.003 -11"><span class='ocrx_word' id='word_1_117' title='bbox 246 1264 320 1306; x_wconf 88' lang='lat' dir='ltr'>illa</span> <span class='ocrx_word' id='word_1_118' title='bbox 340 1264 391 1306; x_wconf 90' lang='lat' dir='ltr'>de</span> <span class='ocrx_word' id='word_1_119' title='bbox 412 1278 455 1306; x_wconf 89' lang='lat' dir='ltr'>re</span> <span class='ocrx_word' id='word_1_120' title='bbox 477 1268 585 1317; x_wconf 80' lang='lat' dir='ltr'>agat.</span> 
     </span>
     <span class='ocr_line' id='line_1_16' title="bbox 243 1329 1128 1374; baseline -0.005 -8"><span class='ocrx_word' id='word_1_121' title='bbox 243 1331 288 1366; x_wconf 86' lang='lat' dir='ltr'>R.</span> <span class='ocrx_word' id='word_1_122' title='bbox 308 1342 367 1374; x_wconf 86' lang='lat' dir='ltr'>ap.</span> <span class='ocrx_word' id='word_1_123' title='bbox 388 1330 424 1366; x_wconf 88' lang='lat' dir='ltr'>S.</span> <span class='ocrx_word' id='word_1_124' title='bbox 445 1330 485 1366; x_wconf 88' lang='lat' dir='ltr'>P.</span> <span class='ocrx_word' id='word_1_125' title='bbox 508 1331 594 1366; x_wconf 83' lang='lat' dir='ltr'>XIV</span> <span class='ocrx_word' id='word_1_126' title='bbox 617 1329 690 1364; x_wconf 86' lang='lat' dir='ltr'>kal.</span> <span class='ocrx_word' id='word_1_127' title='bbox 712 1330 820 1365; x_wconf 82' lang='lat' dir='ltr'>Mart.</span> <span class='ocrx_word' id='word_1_128' title='bbox 843 1331 928 1365; x_wconf 88' lang='grc'>1607</span> <span class='ocrx_word' id='word_1_129' title='bbox 946 1330 988 1364; x_wconf 88' lang='grc' dir='ltr'>Ρ.</span> <span class='ocrx_word' id='word_1_130' title='bbox 1007 1341 1066 1364; x_wconf 84' lang='lat' dir='ltr'>an.</span> <span class='ocrx_word' id='word_1_131' title='bbox 1084 1330 1128 1365; x_wconf 85' lang='lat'>11.</span> 
     </span>
    </p>
   </div>
   <div class='ocr_carea' id='block_1_8' title="bbox 285 1428 1569 1473">
    <p class='ocr_par' dir='ltr' id='par_1_8' title="bbox 285 1428 1569 1473">
     <span class='ocr_line' id='line_1_17' title="bbox 285 1428 1569 1473; baseline -0.001 -10"><span class='ocrx_word' id='word_1_132' title='bbox 285 1430 421 1464; x_wconf 81' lang='lat' dir='ltr'>Miraei</span> <span class='ocrx_word' id='word_1_133' title='bbox 441 1441 498 1473; x_wconf 82' lang='lat' dir='ltr'>op.</span> <span class='ocrx_word' id='word_1_134' title='bbox 518 1430 610 1473; x_wconf 79' lang='lat' dir='ltr'>dipl.</span> <span class='ocrx_word' id='word_1_135' title='bbox 630 1429 691 1464; x_wconf 90' lang='grc' dir='ltr'>ΠΙ.</span> <span class='ocrx_word' id='word_1_136' title='bbox 713 1440 744 1472; x_wconf 69' lang='lat' dir='ltr'>p⁴</span> <span class='ocrx_word' id='word_1_137' title='bbox 768 1432 831 1464; x_wconf 82' lang='lat'>493</span> <span class='ocrx_word' id='word_1_138' title='bbox 850 1448 861 1453; x_wconf 95' lang='lat'>-</span> <span class='ocrx_word' id='word_1_139' title='bbox 882 1429 1023 1467; x_wconf 75' lang='lat' dir='ltr'>Morus,</span> <span class='ocrx_word' id='word_1_140' title='bbox 1043 1428 1144 1463; x_wconf 73' lang='lat' dir='ltr'>Hist.</span> <span class='ocrx_word' id='word_1_141' title='bbox 1164 1429 1197 1462; x_wconf 88' lang='lat' dir='ltr'>S.</span> <span class='ocrx_word' id='word_1_142' title='bbox 1220 1428 1250 1461; x_wconf 89' lang='lat' dir='ltr'>I.</span> <span class='ocrx_word' id='word_1_143' title='bbox 1271 1429 1421 1472; x_wconf 64' lang='lat' dir='ltr'>Anglic.</span> <span class='ocrx_word' id='word_1_144' title='bbox 1440 1439 1474 1471; x_wconf 87' lang='lat' dir='ltr'>p.</span> <span class='ocrx_word' id='word_1_145' title='bbox 1494 1430 1569 1462; x_wconf 76' lang='lat'>296.</span> 
     </span>
    </p>
   </div>
   <div class='ocr_carea' id='block_1_9' title="bbox 241 1537 1838 2094">
    <p class='ocr_par' dir='ltr' id='par_1_9' title="bbox 241 1537 1838 2094">
     <span class='ocr_line' id='line_1_18' title="bbox 323 1537 1837 1598; baseline -0.005 -11"><span class='ocrx_word' id='word_1_146' title='bbox 323 1543 392 1587; x_wconf 71' lang='lat'>37.</span> <span class='ocrx_word' id='word_1_147' title='bbox 424 1544 497 1584; x_wconf 75' lang='lat' dir='ltr'>Ad</span> <span class='ocrx_word' id='word_1_148' title='bbox 525 1547 667 1598; x_wconf 71' lang='lat' dir='ltr'>apost.</span> <span class='ocrx_word' id='word_1_149' title='bbox 699 1544 943 1597; x_wconf 67' lang='lat' dir='ltr'>dc&#39;ynz‘latz&#39;s</span> <span class='ocrx_word' id='word_1_150' title='bbox 972 1548 1163 1597; x_wconf 72' lang='lat' dir='ltr'>apicem.</span> <span class='ocrx_word' id='word_1_151' title='bbox 1179 1564 1205 1570; x_wconf 92' lang='lat'>—</span> <span class='ocrx_word' id='word_1_152' title='bbox 1225 1539 1343 1580; x_wconf 88' lang='lat' dir='ltr'>Paul.</span> <span class='ocrx_word' id='word_1_153' title='bbox 1367 1537 1399 1579; x_wconf 96' lang='lat' dir='ltr'>V</span> <span class='ocrx_word' id='word_1_154' title='bbox 1420 1541 1591 1592; x_wconf 87' lang='lat' dir='ltr'>petente</span> <span class='ocrx_word' id='word_1_155' title='bbox 1611 1537 1671 1580; x_wconf 84' lang='lat' dir='ltr'>Ol.</span> <span class='ocrx_word' id='word_1_156' title='bbox 1697 1537 1837 1593; x_wconf 88' lang='lat' dir='ltr'>Aqua-</span> 
     </span>
     <span class='ocr_line' id='line_1_19' title="bbox 242 1609 1835 1666; baseline -0.001 -13"><span class='ocrx_word' id='word_1_157' title='bbox 242 1613 338 1654; x_wconf 83' lang='lat' dir='ltr'>viva</span> <span class='ocrx_word' id='word_1_158' title='bbox 359 1612 427 1654; x_wconf 89' lang='lat' dir='ltr'>Pr.</span> <span class='ocrx_word' id='word_1_159' title='bbox 453 1626 548 1666; x_wconf 84' lang='lat' dir='ltr'>gen.</span> <span class='ocrx_word' id='word_1_160' title='bbox 575 1613 617 1654; x_wconf 93' lang='lat' dir='ltr'>S.</span> <span class='ocrx_word' id='word_1_161' title='bbox 642 1612 676 1653; x_wconf 90' lang='grc' dir='ltr'>Ι.</span> <span class='ocrx_word' id='word_1_162' title='bbox 702 1612 925 1654; x_wconf 87' lang='lat' dir='ltr'>confirmat</span> <span class='ocrx_word' id='word_1_163' title='bbox 945 1613 1147 1653; x_wconf 90' lang='lat' dir='ltr'>unionem</span> <span class='ocrx_word' id='word_1_164' title='bbox 1167 1624 1241 1665; x_wconf 91' lang='lat' dir='ltr'>per</span> <span class='ocrx_word' id='word_1_165' title='bbox 1257 1611 1338 1652; x_wconf 89' lang='lat' dir='ltr'>litt.</span> <span class='ocrx_word' id='word_1_166' title='bbox 1358 1611 1411 1652; x_wconf 81' lang='lat'>28</span> <span class='ocrx_word' id='word_1_167' title='bbox 1432 1610 1530 1652; x_wconf 89' lang='lat' dir='ltr'>Dec.</span> <span class='ocrx_word' id='word_1_168' title='bbox 1555 1612 1659 1652; x_wconf 87' lang='lat'>1605</span> <span class='ocrx_word' id='word_1_169' title='bbox 1679 1609 1835 1652; x_wconf 83' lang='lat' dir='ltr'>factam</span> 
     </span>
     <span class='ocr_line' id='line_1_20' title="bbox 241 1675 1838 1737; baseline -0.003 -11"><span class='ocrx_word' id='word_1_170' title='bbox 241 1698 336 1726; x_wconf 86' lang='lat' dir='ltr'>cum</span> <span class='ocrx_word' id='word_1_171' title='bbox 356 1684 452 1727; x_wconf 89' lang='lat' dir='ltr'>coll.</span> <span class='ocrx_word' id='word_1_172' title='bbox 479 1684 522 1726; x_wconf 90' lang='lat' dir='ltr'>S.</span> <span class='ocrx_word' id='word_1_173' title='bbox 550 1683 584 1725; x_wconf 95' lang='lat' dir='ltr'>I.</span> <span class='ocrx_word' id='word_1_174' title='bbox 609 1683 832 1725; x_wconf 84' lang='lat' dir='ltr'>Caturcen.</span> <span class='ocrx_word' id='word_1_175' title='bbox 872 1698 897 1724; x_wconf 88' lang='lat' dir='ltr'>a</span> <span class='ocrx_word' id='word_1_176' title='bbox 934 1675 1145 1725; x_wconf 22' lang='lat' dir='ltr'>Simeone*</span> <span class='ocrx_word' id='word_1_177' title='bbox 1165 1682 1378 1737; x_wconf 83' lang='lat' dir='ltr'>Stephano</span> <span class='ocrx_word' id='word_1_178' title='bbox 1414 1682 1505 1735; x_wconf 71' lang='lat' dir='ltr'>Epo</span> <span class='ocrx_word' id='word_1_179' title='bbox 1538 1680 1759 1723; x_wconf 87' lang='lat' dir='ltr'>Caturcen.</span> <span class='ocrx_word' id='word_1_180' title='bbox 1785 1695 1838 1723; x_wconf 81' lang='lat' dir='ltr'>ex</span> 
     </span>
     <span class='ocr_line' id='line_1_21' title="bbox 242 1752 1836 1809; baseline -0.001 -13"><span class='ocrx_word' id='word_1_181' title='bbox 242 1756 455 1797; x_wconf 91' lang='lat' dir='ltr'>communi</span> <span class='ocrx_word' id='word_1_182' title='bbox 472 1759 567 1797; x_wconf 90' lang='lat' dir='ltr'>voto</span> <span class='ocrx_word' id='word_1_183' title='bbox 583 1756 700 1808; x_wconf 85' lang='lat' dir='ltr'>cleri,</span> <span class='ocrx_word' id='word_1_184' title='bbox 720 1755 897 1809; x_wconf 86' lang='lat' dir='ltr'>capituli</span> <span class='ocrx_word' id='word_1_185' title='bbox 912 1758 954 1796; x_wconf 89' lang='lat' dir='ltr'>et</span> <span class='ocrx_word' id='word_1_186' title='bbox 975 1756 1161 1796; x_wconf 90' lang='lat' dir='ltr'>omnium</span> <span class='ocrx_word' id='word_1_187' title='bbox 1178 1754 1361 1796; x_wconf 83' lang='lat' dir='ltr'>civitatis</span> <span class='ocrx_word' id='word_1_188' title='bbox 1383 1753 1593 1806; x_wconf 87' lang='lat' dir='ltr'>ordinum,</span> <span class='ocrx_word' id='word_1_189' title='bbox 1617 1752 1836 1795; x_wconf 87' lang='lat' dir='ltr'>consulum</span> 
     </span>
     <span class='ocr_line' id='line_1_22' title="bbox 241 1827 1836 1880; baseline -0.002 -12"><span class='ocrx_word' id='word_1_190' title='bbox 241 1831 284 1868; x_wconf 92' lang='lat' dir='ltr'>et</span> <span class='ocrx_word' id='word_1_191' title='bbox 305 1841 358 1868; x_wconf 86' lang='lat' dir='ltr'>ex</span> <span class='ocrx_word' id='word_1_192' title='bbox 379 1827 545 1869; x_wconf 88' lang='lat' dir='ltr'>decreto</span> <span class='ocrx_word' id='word_1_193' title='bbox 582 1827 756 1868; x_wconf 90' lang='lat' dir='ltr'>Henrici</span> <span class='ocrx_word' id='word_1_194' title='bbox 790 1827 940 1868; x_wconf 86' lang='lat' dir='ltr'>Franc.</span> <span class='ocrx_word' id='word_1_195' title='bbox 974 1827 1082 1880; x_wconf 80' lang='lat' dir='ltr'>regis</span> <span class='ocrx_word' id='word_1_196' title='bbox 1112 1827 1276 1878; x_wconf 86' lang='lat' dir='ltr'>christ.‚</span> <span class='ocrx_word' id='word_1_197' title='bbox 1310 1827 1574 1879; x_wconf 88' lang='lat' dir='ltr'>prioratuum</span> <span class='ocrx_word' id='word_1_198' title='bbox 1595 1829 1836 1866; x_wconf 86' lang='lat' dir='ltr'>curatorum</span> 
     </span>
     <span class='ocr_line' id='line_1_23' title="bbox 242 1896 1834 1952; baseline -0.001 -12"><span class='ocrx_word' id='word_1_199' title='bbox 242 1899 289 1940; x_wconf 89' lang='lat' dir='ltr'>O.</span> <span class='ocrx_word' id='word_1_200' title='bbox 318 1899 359 1940; x_wconf 87' lang='lat' dir='ltr'>S.</span> <span class='ocrx_word' id='word_1_201' title='bbox 401 1898 505 1940; x_wconf 87' lang='lat' dir='ltr'>Ben.</span> <span class='ocrx_word' id='word_1_202' title='bbox 538 1913 611 1940; x_wconf 87' lang='lat' dir='ltr'>seu</span> <span class='ocrx_word' id='word_1_203' title='bbox 645 1899 950 1952; x_wconf 86' lang='lat' dir='ltr'>parochialium</span> <span class='ocrx_word' id='word_1_204' title='bbox 982 1898 1256 1940; x_wconf 89' lang='lat' dir='ltr'>ecclesiarum</span> <span class='ocrx_word' id='word_1_205' title='bbox 1290 1898 1331 1939; x_wconf 90' lang='lat' dir='ltr'>S.</span> <span class='ocrx_word' id='word_1_206' title='bbox 1366 1897 1538 1939; x_wconf 88' lang='lat' dir='ltr'>Ioannis</span> <span class='ocrx_word' id='word_1_207' title='bbox 1569 1896 1621 1939; x_wconf 90' lang='lat' dir='ltr'>de</span> <span class='ocrx_word' id='word_1_208' title='bbox 1651 1896 1834 1938; x_wconf 89' lang='lat' dir='ltr'>Aricolio</span> 
     </span>
     <span class='ocr_line' id='line_1_24' title="bbox 241 1969 1835 2022; baseline -0.002 -11"><span class='ocrx_word' id='word_1_209' title='bbox 241 1984 336 2011; x_wconf 89' lang='lat' dir='ltr'>cum</span> <span class='ocrx_word' id='word_1_210' title='bbox 358 1971 536 2011; x_wconf 82' lang='lat' dir='ltr'>annexis</span> <span class='ocrx_word' id='word_1_211' title='bbox 566 1970 617 2011; x_wconf 85' lang='lat' dir='ltr'>de</span> <span class='ocrx_word' id='word_1_212' title='bbox 651 1970 857 2012; x_wconf 82' lang='lat' dir='ltr'>Clausaco</span> <span class='ocrx_word' id='word_1_213' title='bbox 883 1984 908 2012; x_wconf 90' lang='lat' dir='ltr'>a</span> <span class='ocrx_word' id='word_1_214' title='bbox 928 1970 1086 2012; x_wconf 87' lang='lat' dir='ltr'>Ioanne</span> <span class='ocrx_word' id='word_1_215' title='bbox 1109 1969 1285 2011; x_wconf 85' lang='lat' dir='ltr'>Salansa</span> <span class='ocrx_word' id='word_1_216' title='bbox 1306 1969 1407 2010; x_wconf 88' lang='lat' dir='ltr'>cler.</span> <span class='ocrx_word' id='word_1_217' title='bbox 1432 1969 1647 2022; x_wconf 83' lang='lat' dir='ltr'>resignati,</span> <span class='ocrx_word' id='word_1_218' title='bbox 1671 1981 1835 2009; x_wconf 88' lang='lat' dir='ltr'>necnon</span> 
     </span>
     <span class='ocr_line' id='line_1_25' title="bbox 243 2039 1836 2094; baseline -0.002 -11"><span class='ocrx_word' id='word_1_219' title='bbox 243 2042 285 2083; x_wconf 90' lang='lat' dir='ltr'>S.</span> <span class='ocrx_word' id='word_1_220' title='bbox 310 2041 440 2082; x_wconf 78' lang='lat' dir='ltr'>Blasii</span> <span class='ocrx_word' id='word_1_221' title='bbox 461 2041 512 2083; x_wconf 91' lang='lat' dir='ltr'>de</span> <span class='ocrx_word' id='word_1_222' title='bbox 537 2041 765 2094; x_wconf 77' lang='lat' dir='ltr'>Crayssaco</span> <span class='ocrx_word' id='word_1_223' title='bbox 783 2043 913 2084; x_wconf 90' lang='lat' dir='ltr'>etiam</span> <span class='ocrx_word' id='word_1_224' title='bbox 935 2056 1030 2083; x_wconf 91' lang='lat' dir='ltr'>cum</span> <span class='ocrx_word' id='word_1_225' title='bbox 1053 2042 1229 2083; x_wconf 79' lang='lat' dir='ltr'>annexis</span> <span class='ocrx_word' id='word_1_226' title='bbox 1251 2039 1472 2082; x_wconf 87' lang='lat' dir='ltr'>Caturcen.</span> <span class='ocrx_word' id='word_1_227' title='bbox 1498 2039 1632 2081; x_wconf 90' lang='lat' dir='ltr'>dioec.</span> <span class='ocrx_word' id='word_1_228' title='bbox 1652 2053 1728 2093; x_wconf 89' lang='lat' dir='ltr'>per</span> <span class='ocrx_word' id='word_1_229' title='bbox 1749 2039 1836 2080; x_wconf 91' lang='lat' dir='ltr'>obi-</span> 
     </span>
    </p>
   </div>
   <div class='ocr_carea' id='block_1_10' title="bbox 240 2111 1610 2223">
    <p class='ocr_par' dir='ltr' id='par_1_10' title="bbox 240 2111 1610 2223">
     <span class='ocr_line' id='line_1_26' title="bbox 240 2111 1610 2155; baseline -0.001 -1"><span class='ocrx_word' id='word_1_230' title='bbox 240 2119 328 2154; x_wconf 87' lang='lat' dir='ltr'>tum</span> <span class='ocrx_word' id='word_1_231' title='bbox 357 2113 469 2154; x_wconf 84' lang='lat' dir='ltr'>Petri</span> <span class='ocrx_word' id='word_1_232' title='bbox 491 2113 701 2155; x_wconf 87' lang='lat' dir='ltr'>Balmeler</span> <span class='ocrx_word' id='word_1_233' title='bbox 722 2113 820 2155; x_wconf 90' lang='lat' dir='ltr'>cler.</span> <span class='ocrx_word' id='word_1_234' title='bbox 846 2114 1049 2155; x_wconf 85' lang='lat' dir='ltr'>vacantis.</span> <span class='ocrx_word' id='word_1_235' title='bbox 1075 2112 1144 2155; x_wconf 90' lang='lat' dir='ltr'>Fr.</span> <span class='ocrx_word' id='word_1_236' title='bbox 1168 2111 1394 2154; x_wconf 85' lang='lat' dir='ltr'>cuiuslibet</span> <span class='ocrx_word' id='word_1_237' title='bbox 1418 2113 1494 2153; x_wconf 86' lang='lat'>150</span> <span class='ocrx_word' id='word_1_238' title='bbox 1517 2111 1610 2152; x_wconf 88' lang='lat' dir='ltr'>duc.</span> 
     </span>
     <span class='ocr_line' id='line_1_27' title="bbox 241 2179 1068 2223; baseline -0.002 -10"><span class='ocrx_word' id='word_1_239' title='bbox 241 2179 281 2214; x_wconf 75' lang='lat' dir='ltr'>R.</span> <span class='ocrx_word' id='word_1_240' title='bbox 302 2191 359 2222; x_wconf 86' lang='lat' dir='ltr'>ap.</span> <span class='ocrx_word' id='word_1_241' title='bbox 380 2179 417 2214; x_wconf 89' lang='lat' dir='ltr'>S.</span> <span class='ocrx_word' id='word_1_242' title='bbox 439 2182 478 2212; x_wconf 68' lang='grc' dir='ltr'>Ι).</span> <span class='ocrx_word' id='word_1_243' title='bbox 498 2180 547 2215; x_wconf 89' lang='grc' dir='ltr'>ΠΙ</span> <span class='ocrx_word' id='word_1_244' title='bbox 566 2191 650 2214; x_wconf 90' lang='lat' dir='ltr'>non.</span> <span class='ocrx_word' id='word_1_245' title='bbox 671 2182 756 2223; x_wconf 83' lang='lat' dir='ltr'>Apr.</span> <span class='ocrx_word' id='word_1_246' title='bbox 780 2183 861 2215; x_wconf 80' lang='lat'>1607</span> <span class='ocrx_word' id='word_1_247' title='bbox 881 2180 922 2214; x_wconf 85' lang='lat' dir='ltr'>P.</span> <span class='ocrx_word' id='word_1_248' title='bbox 945 2190 1004 2214; x_wconf 85' lang='lat' dir='ltr'>an.</span> <span class='ocrx_word' id='word_1_249' title='bbox 1023 2179 1068 2215; x_wconf 90' lang='lat' dir='ltr'>H.</span> 
     </span>
    </p>
   </div>
   <div class='ocr_carea' id='block_1_11' title="bbox 1419 2275 1829 2321">
    <p class='ocr_par' dir='ltr' id='par_1_11' title="bbox 1419 2275 1829 2321">
     <span class='ocr_line' id='line_1_28' title="bbox 1419 2275 1829 2321; baseline -0.012 -9"><span class='ocrx_word' id='word_1_250' title='bbox 1419 2277 1507 2321; x_wconf 69' lang='lat' dir='ltr'>Rey.</span> <span class='ocrx_word' id='word_1_251' title='bbox 1528 2276 1615 2311; x_wconf 72' lang='lat' dir='ltr'>bun.</span> <span class='ocrx_word' id='word_1_252' title='bbox 1637 2275 1701 2311; x_wconf 89' lang='lat' dir='ltr'>IV.</span> <span class='ocrx_word' id='word_1_253' title='bbox 1721 2276 1776 2310; x_wconf 88' lang='grc'>73.</span> <span class='ocrx_word' id='word_1_254' title='bbox 1797 2275 1829 2310; x_wconf 94' lang='lat' dir='ltr'>b.</span> 
     </span>
    </p>
   </div>
   <div class='ocr_carea' id='block_1_12' title="bbox 243 2387 1834 2512">
    <p class='ocr_par' dir='ltr' id='par_1_12' title="bbox 243 2387 1834 2512">
     <span class='ocr_line' id='line_1_29' title="bbox 322 2387 1834 2446; baseline -0.005 -11"><span class='ocrx_word' id='word_1_255' title='bbox 322 2392 393 2435; x_wconf 81' lang='lat'>38.</span> <span class='ocrx_word' id='word_1_256' title='bbox 425 2395 697 2446; x_wconf 67' lang='lat' dir='ltr'>Expositum</span> <span class='ocrx_word' id='word_1_257' title='bbox 728 2392 859 2434; x_wconf 68' lang='lat' dir='ltr'>nobls</span> <span class='ocrx_word' id='word_1_258' title='bbox 886 2404 1049 2445; x_wconf 74' lang='lat' dir='ltr'>nuper.</span> <span class='ocrx_word' id='word_1_259' title='bbox 1068 2387 1302 2440; x_wconf 86' lang='lat' dir='ltr'>—Paul.V‚</span> <span class='ocrx_word' id='word_1_260' title='bbox 1322 2392 1491 2441; x_wconf 85' lang='lat' dir='ltr'>petente</span> <span class='ocrx_word' id='word_1_261' title='bbox 1522 2387 1583 2429; x_wconf 88' lang='lat' dir='ltr'>Cl.</span> <span class='ocrx_word' id='word_1_262' title='bbox 1614 2387 1834 2441; x_wconf 86' lang='lat' dir='ltr'>Aquaviva</span> 
     </span>
     <span class='ocr_line' id='line_1_30' title="bbox 243 2459 1832 2512; baseline -0.001 -12"><span class='ocrx_word' id='word_1_263' title='bbox 243 2461 307 2501; x_wconf 82' lang='lat' dir='ltr'>I&#39;r.</span> <span class='ocrx_word' id='word_1_264' title='bbox 333 2460 436 2502; x_wconf 86' lang='lat' dir='ltr'>Gen.</span> <span class='ocrx_word' id='word_1_265' title='bbox 463 2461 506 2503; x_wconf 89' lang='lat' dir='ltr'>S.</span> <span class='ocrx_word' id='word_1_266' title='bbox 532 2461 582 2512; x_wconf 77' lang='lat' dir='ltr'>L,</span> <span class='ocrx_word' id='word_1_267' title='bbox 610 2461 804 2502; x_wconf 89' lang='lat' dir='ltr'>concedit</span> <span class='ocrx_word' id='word_1_268' title='bbox 824 2460 1070 2502; x_wconf 80' lang='lat' dir='ltr'>facultatem</span> <span class='ocrx_word' id='word_1_269' title='bbox 1101 2459 1268 2501; x_wconf 88' lang='lat' dir='ltr'>locandi</span> <span class='ocrx_word' id='word_1_270' title='bbox 1290 2461 1334 2500; x_wconf 89' lang='lat' dir='ltr'>in</span> <span class='ocrx_word' id='word_1_271' title='bbox 1353 2459 1663 2512; x_wconf 84' lang='lat' dir='ltr'>emphyteusim</span> <span class='ocrx_word' id='word_1_272' title='bbox 1684 2471 1832 2511; x_wconf 88' lang='lat' dir='ltr'>perpe-</span> 
     </span>
    </p>
   </div>
   <div class='ocr_carea' id='block_1_13' title="bbox 237 2529 1831 2729">
    <p class='ocr_par' dir='ltr' id='par_1_13' title="bbox 237 2529 1831 2729">
     <span class='ocr_line' id='line_1_31' title="bbox 237 2529 1830 2585; baseline -0.001 -13"><span class='ocrx_word' id='word_1_273' title='bbox 237 2536 354 2572; x_wconf 84' lang='lat' dir='ltr'>tuam</span> <span class='ocrx_word' id='word_1_274' title='bbox 378 2546 452 2585; x_wconf 86' lang='lat' dir='ltr'>pro</span> <span class='ocrx_word' id='word_1_275' title='bbox 474 2532 570 2574; x_wconf 89' lang='lat' dir='ltr'>coll.</span> <span class='ocrx_word' id='word_1_276' title='bbox 601 2531 818 2573; x_wconf 83' lang='lat' dir='ltr'>Flexiensi</span> <span class='ocrx_word' id='word_1_277' title='bbox 840 2531 1109 2585; x_wconf 81' lang='lat' dir='ltr'>Andegaven.</span> <span class='ocrx_word' id='word_1_278' title='bbox 1143 2531 1277 2573; x_wconf 86' lang='lat' dir='ltr'>dioec.</span> <span class='ocrx_word' id='word_1_279' title='bbox 1310 2544 1428 2584; x_wconf 86' lang='lat' dir='ltr'>agros</span> <span class='ocrx_word' id='word_1_280' title='bbox 1457 2529 1676 2571; x_wconf 88' lang='lat' dir='ltr'>cuiusdam</span> <span class='ocrx_word' id='word_1_281' title='bbox 1706 2529 1830 2571; x_wconf 85' lang='lat' dir='ltr'>villae</span> 
     </span>
     <span class='ocr_line' id='line_1_32' title="bbox 239 2600 1831 2657; baseline -0.001 -13"><span class='ocrx_word' id='word_1_282' title='bbox 239 2618 263 2644; x_wconf 85' lang='lat' dir='ltr'>a</span> <span class='ocrx_word' id='word_1_283' title='bbox 285 2604 470 2657; x_wconf 83' lang='lat' dir='ltr'>prioratu</span> <span class='ocrx_word' id='word_1_284' title='bbox 493 2603 534 2646; x_wconf 89' lang='lat' dir='ltr'>S.</span> <span class='ocrx_word' id='word_1_285' title='bbox 560 2604 702 2646; x_wconf 84' lang='lat' dir='ltr'>Iacobi</span> <span class='ocrx_word' id='word_1_286' title='bbox 728 2604 835 2645; x_wconf 86' lang='lat' dir='ltr'>alias</span> <span class='ocrx_word' id='word_1_287' title='bbox 867 2604 1004 2645; x_wconf 88' lang='lat' dir='ltr'>eidem</span> <span class='ocrx_word' id='word_1_288' title='bbox 1036 2604 1132 2646; x_wconf 88' lang='lat' dir='ltr'>coll.</span> <span class='ocrx_word' id='word_1_289' title='bbox 1166 2600 1283 2645; x_wconf 85' lang='lat' dir='ltr'>unito</span> <span class='ocrx_word' id='word_1_290' title='bbox 1314 2602 1589 2657; x_wconf 86' lang='lat' dir='ltr'>dependentis</span> <span class='ocrx_word' id='word_1_291' title='bbox 1619 2602 1658 2643; x_wconf 89' lang='lat' dir='ltr'>d.</span> <span class='ocrx_word' id='word_1_292' title='bbox 1679 2602 1831 2656; x_wconf 89' lang='lat' dir='ltr'>oppido</span> 
     </span>
     <span class='ocr_line' id='line_1_33' title="bbox 238 2674 1829 2729; baseline 0 -15"><span class='ocrx_word' id='word_1_293' title='bbox 238 2675 411 2727; x_wconf 86' lang='lat' dir='ltr'>vicinos,</span> <span class='ocrx_word' id='word_1_294' title='bbox 445 2677 575 2716; x_wconf 90' lang='lat' dir='ltr'>annui</span> <span class='ocrx_word' id='word_1_295' title='bbox 607 2675 796 2717; x_wconf 76' lang='lat' dir='ltr'>redditus</span> <span class='ocrx_word' id='word_1_296' title='bbox 827 2678 851 2718; x_wconf 86' lang='lat'>5</span> <span class='ocrx_word' id='word_1_297' title='bbox 884 2690 1125 2729; x_wconf 83' lang='lat' dir='ltr'>aureorum,</span> <span class='ocrx_word' id='word_1_298' title='bbox 1153 2675 1206 2717; x_wconf 88' lang='lat' dir='ltr'>ad</span> <span class='ocrx_word' id='word_1_299' title='bbox 1231 2674 1496 2716; x_wconf 87' lang='lat' dir='ltr'>fabricandas</span> <span class='ocrx_word' id='word_1_300' title='bbox 1517 2674 1660 2715; x_wconf 90' lang='lat' dir='ltr'>domos</span> <span class='ocrx_word' id='word_1_301' title='bbox 1680 2675 1724 2715; x_wconf 89' lang='lat' dir='ltr'>in</span> <span class='ocrx_word' id='word_1_302' title='bbox 1745 2675 1829 2715; x_wconf 89' lang='lat' dir='ltr'>evi-</span> 
     </span>
    </p>
   </div>
   <div class='ocr_carea' id='block_1_14' title="bbox 237 2745 959 2861">
    <p class='ocr_par' dir='ltr' id='par_1_14' title="bbox 237 2745 959 2861">
     <span class='ocr_line' id='line_1_34' title="bbox 238 2745 674 2788; baseline 0.005 -2"><span class='ocrx_word' id='word_1_303' title='bbox 238 2745 406 2787; x_wconf 84' lang='lat' dir='ltr'>dentem</span> <span class='ocrx_word' id='word_1_304' title='bbox 428 2746 674 2788; x_wconf 84' lang='lat' dir='ltr'>utilitatem.</span> 
     </span>
     <span class='ocr_line' id='line_1_35' title="bbox 237 2817 959 2861; baseline -0.001 -10"><span class='ocrx_word' id='word_1_305' title='bbox 237 2817 279 2851; x_wconf 72' lang='lat' dir='ltr'>R.</span> <span class='ocrx_word' id='word_1_306' title='bbox 298 2828 356 2860; x_wconf 86' lang='lat' dir='ltr'>ap.</span> <span class='ocrx_word' id='word_1_307' title='bbox 378 2817 415 2852; x_wconf 90' lang='lat' dir='ltr'>S.</span> <span class='ocrx_word' id='word_1_308' title='bbox 435 2817 475 2851; x_wconf 88' lang='grc' dir='ltr'>Ρ.</span> <span class='ocrx_word' id='word_1_309' title='bbox 497 2818 545 2853; x_wconf 85' lang='lat' dir='ltr'>VI</span> <span class='ocrx_word' id='word_1_310' title='bbox 564 2820 649 2861; x_wconf 86' lang='lat' dir='ltr'>Apr.</span> <span class='ocrx_word' id='word_1_311' title='bbox 673 2820 757 2854; x_wconf 87' lang='grc'>1607</span> <span class='ocrx_word' id='word_1_312' title='bbox 776 2818 819 2852; x_wconf 85' lang='grc' dir='ltr'>Ρ.</span> <span class='ocrx_word' id='word_1_313' title='bbox 839 2829 898 2853; x_wconf 87' lang='lat' dir='ltr'>an.</span> <span class='ocrx_word' id='word_1_314' title='bbox 916 2817 959 2854; x_wconf 86' lang='lat' dir='ltr'>II.</span> 
     </span>
    </p>
   </div>
   <div class='ocr_carea' id='block_1_15' title="bbox 1415 2914 1826 2958">
    <p class='ocr_par' dir='ltr' id='par_1_15' title="bbox 1415 2914 1826 2958">
     <span class='ocr_line' id='line_1_36' title="bbox 1415 2914 1826 2958; baseline -0.007 -8"><span class='ocrx_word' id='word_1_315' title='bbox 1415 2916 1505 2958; x_wconf 69' lang='lat' dir='ltr'>Req.</span> <span class='ocrx_word' id='word_1_316' title='bbox 1526 2914 1613 2949; x_wconf 77' lang='lat' dir='ltr'>bull.</span> <span class='ocrx_word' id='word_1_317' title='bbox 1633 2915 1698 2949; x_wconf 90' lang='lat' dir='ltr'>IV.</span> <span class='ocrx_word' id='word_1_318' title='bbox 1719 2918 1771 2950; x_wconf 85' lang='lat'>48.</span> <span class='ocrx_word' id='word_1_319' title='bbox 1793 2915 1826 2949; x_wconf 88' lang='lat' dir='ltr'>b.</span> 
     </span>
    </p>
   </div>
  </div>
 </body>
</html>
