1989 3252
84 205 261 248 Urban.
283 203 413 248 vm.
757 227 810 232 —
841 204 920 244 323
948 228 1002 233 —
1535 202 1660 245 1627.

83 289 195 330 tibus
215 290 416 341 erectum,
434 289 531 330 dein
552 289 605 330 ad
629 291 679 330 12
699 289 889 330 alumnos
909 289 1087 330 Romam
1108 289 1334 330 translatos
1355 287 1586 338 redactum,
1607 286 1660 328 de

83 374 188 402 novo
222 360 393 401 Laureti
427 374 499 414 pro
534 362 586 402 26
607 360 781 411 illyricis
803 363 845 400 et
866 363 889 399 6
926 360 1108 413 bulgaris
1138 361 1262 413 erigit
1282 364 1324 400 et
1343 357 1659 411 gubernandum

85 431 340 484 presbyteris
361 431 403 473 S.
426 431 460 473 I.
483 430 624 481 tradit,
647 431 876 484 privilegiis
896 437 1016 472 ornat
1037 436 1078 472 et
1099 432 1244 483 gratiis
1266 429 1572 483 spiritualibus.

87 497 129 532 R.
148 508 205 540 ap.
225 497 259 532 S.
279 497 328 532 M.
348 497 397 531 M.
416 497 491 532 kal.
509 497 588 531 lun.
614 499 695 531 1627
713 497 752 530 Ρ.
775 508 833 530 an.
854 497 915 532 IV.

87 606 188 640 Bull.
208 608 420 649 depropay.
439 606 513 649 fide
529 606 559 639 Ι.
578 608 631 640 73.
650 624 693 629 —-
713 606 819 638 Ball.
841 606 944 639 Rom.
1404 602 1556 638 Elench.
1575 603 1664 636 bzcll.

167 735 236 779 72.
270 740 454 790 Empom'
472 734 600 776 nobis
620 746 779 787 nuper.
803 755 829 760 -
849 729 1013 771 Urban.
1034 728 1153 782 VIII,
1182 729 1423 783 petentibus
1454 728 1541 770 Iac.
1564 729 1665 770 Ant.

86 805 268 856 Quadrio
289 804 427 858 presb.
459 817 533 845 seu
554 803 655 844 cler.
680 815 796 855 perp.
822 801 1072 842 beneficiato
1093 802 1137 841 in
1158 801 1326 854 paroch.
1353 799 1456 841 eccl.
1481 799 1522 841 S.
1548 799 1668 841 Mau-

85 877 172 917 ritii
193 876 275 918 loci
299 876 439 917 Pontis
459 873 767 915 Vallistellinae
789 871 960 914 Comen.
985 872 1114 913 dioec.
1140 877 1182 912 et
1202 871 1367 925 presbb.
1388 871 1429 913 S.
1449 869 1484 911 I.
1504 871 1668 911 missio-

87 948 152 988 nis
174 948 344 990 Comen.
363 947 442 988 civ.
468 945 532 986 vel
549 945 700 996 dioec,
718 948 797 997 ep&
814 942 982 984 Comen.
1004 944 1090 983 sive
1108 944 1197 983 eius
1214 944 1292 983 vic.
1313 956 1404 995 gen.
1427 946 1468 983 et
1485 941 1665 994 archipr.

87 1019 187 1060 eccl.
213 1018 384 1061 Comen.
408 1016 581 1058 mandat
600 1021 662 1067 ut,
681 1016 716 1056 si
732 1016 774 1055 in
791 1014 1024 1055 evidentem
1040 1013 1234 1054 beneficii
1253 1013 1497 1061 utilitatem,
1516 1010 1666 1053 confir-

89 1094 206 1130 ment
225 1088 575 1142 permutationem
596 1087 700 1139 petii
722 1091 855 1126 terrae
877 1085 929 1126 ad
950 1085 1128 1138 simplex
1152 1084 1398 1125 beneficium
1422 1083 1499 1124 sub
1528 1084 1663 1124 invoc.

91 1160 129 1202 S.
168 1159 336 1201 Ioannis
370 1160 414 1199 in
448 1158 486 1199 d.
525 1157 624 1199 eccl.
662 1157 890 1210 spectantis
928 1155 1058 1201 (redd.
1099 1158 1123 1195 3
1158 1156 1286 1202 scut.)
1323 1168 1396 1207 pro
1438 1154 1520 1195 alio
1558 1154 1669 1206 petio

90 1231 222 1283 (redd.
245 1233 272 1271 4
291 1232 371 1283 sc.)
393 1244 417 1270 a
438 1229 505 1270 dd.
530 1228 667 1281 presb.
692 1228 745 1268 ad
772 1226 969 1268 effectum
992 1227 1225 1279 praesentis
1246 1239 1391 1267 recens
1412 1230 1567 1278 empto.

90 1303 132 1337 R.
152 1314 209 1345 ap.
230 1302 266 1336 S.
282 1302 330 1336 M.
352 1302 400 1335 M.
425 1300 507 1336 VIII
523 1301 602 1335 Iun.
625 1302 709 1334 1627
728 1299 768 1333 Ρ.
787 1310 846 1333 an.
865 1299 925 1333 IV.

1276 1417 1363 1458 Ray.
1383 1415 1469 1449 bull.
1499 1415 1538 1450 V.
1557 1416 1621 1449 225
1638 1414 1675 1448 b.

172 1549 240 1593 73.
275 1553 457 1602 Eoepom'
474 1547 603 1588 nobis
622 1558 781 1599 nuper.
806 1567 832 1572 -
865 1540 1023 1582 Urban.
1050 1540 1167 1592 VIII,
1191 1545 1363 1593 petente
1394 1539 1588 1593 Philippo
1620 1539 1670 1580 de

93 1617 314 1660 Pellicanis
343 1621 480 1658 tutore
510 1615 681 1656 Antonii
702 1614 734 1654 F
736 1627 852 1654 ranc.
877 1612 1094 1657 Pellicani,
1120 1611 1292 1653 mandat
1313 1614 1390 1664 epo
1412 1610 1667 1652 Maceraten.

93 1690 179 1730 sive
201 1689 291 1730 eius
313 1689 393 1729 vic.
416 1701 507 1740 gen.
532 1691 594 1738 ut,
632 1685 853 1726 attendens
884 1684 936 1724 ad
958 1688 1256 1725 testamentum
1278 1682 1319 1722 d.
1343 1682 1529 1732 Antonii,
1553 1682 1671 1722 cuius

90 1764 211 1801 tenor
244 1760 412 1810 citatur,
436 1758 655 1800 confirmet
684 1757 726 1796 in
757 1756 940 1796 favorem
972 1755 1066 1796 coll.
1090 1754 1269 1795 Romani
1292 1753 1333 1795 S.
1357 1752 1392 1794 I.
1417 1754 1673 1806 emptionem

91 1831 241 1872 casalis
262 1831 305 1872 la
324 1830 520 1871 Petaccia
540 1842 666 1869 nunc.
692 1829 733 1868 in
756 1841 871 1880 prov,
896 1826 1109 1867 Marchiae
1130 1839 1203 1878 pro
1225 1827 1249 1866 3
1271 1838 1324 1866 ex
1345 1827 1371 1865 4
1392 1824 1598 1877 partibus.

86 1903 129 1937 R.
150 1913 207 1945 ap.
228 1902 263 1935 S.
287 1903 334 1936 M.
356 1902 405 1935 M.
425 1901 507 1935 VIII
527 1901 593 1934 Iul.
617 1902 699 1934 1627
720 1899 759 1932 P.
781 1910 839 1931 an.
858 1898 919 1932 IV.

1224 2017 1308 2059 Rey.
1328 2016 1420 2049 buu.
1451 2016 1486 2048 V.
1508 2015 1673 2049 283-296.

176 2149 246 2193 74.
277 2145 317 2188 S.
341 2145 488 2198 Congr.
509 2143 559 2185 de
576 2157 693 2197 prop.
713 2142 809 2183 fide.
829 2166 854 2172 —
872 2141 1094 2183 Decretum
1114 2140 1158 2181 P.
1180 2140 1426 2192 Praeposito
1445 2138 1549 2180 Gen.
1570 2138 1612 2180 S.
1635 2138 1670 2178 Ι.

95 2217 298 2259 mandans
319 2220 365 2257 ut
385 2217 428 2256 in
447 2213 716 2257 admittendis
738 2213 790 2254 ad
812 2213 854 2254 S.
878 2211 1087 2253 nobilibus
1109 2211 1362 2263 Hungaricis
1383 2214 1506 2251 caute
1528 2223 1671 2263 proce-

96 2290 236 2337 datur,
258 2289 311 2330 ad
331 2287 622 2329 declinandam
645 2289 867 2339 parentum
882 2283 1097 2337 querelam
1115 2287 1156 2323 et
1172 2296 1224 2323 ne
1243 2282 1350 2323 bona
1367 2281 1419 2322 ad
1437 2280 1672 2321 haereticos

95 2360 370 2414 proximiores
391 2357 739 2399 transcribantur.

97 2426 218 2461 121ul.
243 2427 337 2460 1627.

1415 2525 1566 2561 Elench.
1585 2525 1673 2560 bun.

181 2664 248 2708 75.
281 2667 353 2704 Ex
372 2663 572 2703 iniuncto
592 2659 735 2700 nobis.
772 2680 798 2685 —
831 2652 991 2695 Urban.
1018 2651 1135 2703 VIH,
1173 2652 1314 2692 citatis
1353 2651 1437 2692 litt.
1475 2650 1596 2692 Pauli
1616 2649 1673 2699 II,

104 2741 210 2778 Cum
230 2736 278 2776 z'n
298 2733 508 2776 ommbus
527 2731 726 2776 iudiciis,
752 2728 872 2778 1465,
897 2724 948 2765 V.
984 2723 1039 2764 id.
1080 2722 1198 2774 Maii,
1235 2722 1475 2776 petentibus
1496 2726 1600 2763 rect.
1633 2725 1676 2762 et

101 2802 240 2857 presb.
269 2815 342 2843 seu
371 2798 620 2852 collegialib.
643 2797 736 2838 coll.
761 2794 802 2837 S.
825 2794 860 2836 I.
895 2794 1159 2845 Malacitan.,
1183 2792 1354 2834 mandat
1383 2791 1676 2838 archidiacono

102 2875 202 2917 eccl.
226 2872 472 2914 Malacitan.
493 2874 535 2912 et
561 2868 727 2911 officiali
748 2868 877 2920 episc.
902 2866 1146 2907 Malacitan.
1178 2868 1227 2904 ut
1261 2864 1300 2905 d.
1326 2863 1420 2905 coll.
1445 2862 1677 2904 concedant

97 2945 310 2986 licentiam
339 2941 465 2983 dandi
500 2942 543 2981 in
576 2938 882 2991 emphyteusim
917 2940 1162 2989 perpetuam
1197 2934 1250 2974 ad
1285 2932 1482 2975 effectum
1514 2931 1674 2984 domos,

102 3015 277 3056 stantias
297 3026 371 3054 seu
392 3011 617 3065 apothecas
636 3006 883 3058 fabricandi,
906 3006 983 3047 sub
1005 3019 1144 3047 annuo
1173 3018 1333 3046 canone
1352 3006 1376 3044 8
1398 3003 1490 3044 duc⁴
1504 3036 1513 3054 ,
1536 3015 1678 3043 aream

1578 3070 1619 3102 21
