1989 3252
234 148 407 193 Bened.
432 149 558 193 XIV.
918 177 965 180 —
996 154 1077 193 466
1108 177 1161 182 —
1692 157 1824 200 1744.

233 236 429 288 precibus
452 235 623 277 Ioannis
646 235 681 276 V
703 238 812 289 regis
828 238 1111 292 Portugalliae
1128 241 1371 293 inclinatus,
1392 240 1494 282 Ben.
1514 240 1613 282 XIV
1636 242 1825 283 declarat

233 308 423 357 martyrii
445 320 615 348 causam
639 309 698 348 ita
718 308 886 361 probari
916 315 963 350 ut
983 315 1073 352 tuto
1096 313 1265 364 procedi
1286 313 1420 366 possit
1440 312 1495 353 ad
1525 312 1827 355 discussionem

232 379 443 430 signorum
466 379 585 418 iuxta
606 378 784 418 formam
806 376 963 419 decreti
989 380 1042 420 23
1065 380 1166 432 Apr.
1194 382 1315 434 1741,
1340 381 1393 422 ad
1424 396 1567 424 eorum
1599 385 1826 437 praecipue

233 450 305 502 qui
326 450 435 489 inter
457 448 658 490 barbaros
679 448 879 490 idolatras
900 454 976 491 aut
996 450 1178 503 perfidos
1200 452 1438 494 haereticos
1470 458 1688 495 versantur
1717 455 1825 496 sola-

231 522 354 572 tium,
377 525 419 561 et
439 520 566 561 decus
587 520 771 572 inclytae
794 521 975 562 nationis
996 528 1039 563 et
1058 523 1271 575 religionis
1293 537 1419 577 quam
1440 525 1584 578 praed.
1607 525 1723 567 Servi
1746 526 1822 567 Dei

233 592 411 645 professi
433 596 544 633 sunt.

230 658 320 694 XXI
337 658 434 701 Sept.
458 660 553 693 1742.

233 758 402 791 Cordum
420 759 460 792 S.
480 759 508 792 I.
532 759 731 794 Rezasione
747 758 847 792 della
866 760 983 792 vita...
1005 759 1138 799 Roma,
1161 762 1255 794 1743.
1272 772 1309 803 p.
1332 762 1407 796 198.

314 862 385 903 10.
423 862 688 902 Coelesle'mn
726 873 986 902 munerum.
1029 883 1055 888 -
1094 858 1197 901 Ben.
1240 858 1356 912 XIV,
1398 865 1567 914 petente
1610 861 1678 903 Fr.
1724 862 1823 904 Retz

232 930 383 983 Praep.
408 929 512 971 Gen.
538 929 578 971 S.
604 929 659 981 I.,
682 930 960 971 missionariis
990 929 1029 971 S.
1055 929 1109 983 L,
1133 930 1205 971 ubi
1235 936 1380 972 tamen
1410 946 1492 973 non
1514 938 1638 974 erunt
1659 934 1821 974 missio-

231 1002 340 1042 narii
362 1001 510 1054 Congr.
534 1000 585 1042 de
600 1014 772 1055 propag.
792 1000 892 1053 fide,
912 1006 954 1042 et
973 1000 1171 1042 fidelibus
1193 1002 1247 1043 ad
1269 1016 1372 1056 quos
1393 1005 1664 1057 accesserint,
1683 1010 1819 1058 apost.

231 1072 567 1114 benedictionem
589 1077 632 1114 et
652 1073 765 1126 plen.
789 1071 948 1126 indulg.
973 1072 1026 1114 ad
1048 1075 1316 1126 septennium
1337 1075 1542 1117 concedit.

232 1140 274 1174 R.
293 1151 351 1183 ap.
373 1139 408 1175 S.
431 1140 479 1173 M.
501 1139 550 1174 M.
570 1139 640 1174 XII
659 1141 735 1174 Ian.
759 1142 841 1175 1743
859 1139 1063 1175 P.an.111.

231 1240 330 1274 Bull.
351 1241 397 1273 de
411 1250 566 1284 propag).
586 1242 660 1280 fide
677 1239 753 1274 III.
773 1242 828 1274 95.

317 1341 387 1383 11.
422 1338 549 1391 Cong.
589 1352 622 1379 s,
646 1339 716 1380 rit.
754 1343 797 1379 et
833 1337 920 1380 ind.
945 1361 970 1367 -
1006 1337 1208 1380 Sodalitio
1244 1353 1268 1380 a
1303 1340 1345 1381 S.
1378 1339 1412 1381 Ι.
1447 1340 1607 1381 iamdiu
1644 1341 1686 1381 in
1722 1354 1817 1394 opp.

233 1410 383 1464 Ortigii
403 1409 641 1451 Marsorum
672 1410 805 1451 dioec.
830 1413 971 1451 erecto
992 1409 1071 1450 sub
1101 1411 1237 1452 invoc.
1261 1410 1472 1464 Deiparae
1499 1425 1548 1452 ac
1569 1411 1642 1454 SS.
1665 1411 1754 1466 Igu.
1779 1417 1823 1454 et

231 1482 300 1524 Fr.
325 1481 451 1535 XaV.,
469 1495 563 1523 cum
585 1481 703 1523 nulla
718 1481 885 1523 fruatur
900 1480 1178 1534 indulgentia,
1197 1495 1342 1535 preces
1363 1484 1593 1536 porrigenti
1614 1497 1688 1536 pro
1710 1497 1821 1525 com-

231 1554 518 1595 municatione
538 1553 698 1606 indulg.
723 1566 1016 1594 concessarum
1047 1553 1386 1595 confraternitati
1406 1554 1639 1596 Primariae
1660 1555 1703 1595 in
1725 1555 1820 1597 coll.

230 1625 370 1678 Rom,
394 1624 732 1678 respondendum
758 1626 922 1666 censuit
946 1639 954 1665 :
979 1624 1270 1666 concedendas
1301 1639 1391 1668 esse
1411 1626 1484 1667 ind
1524 1626 1820 1668 sodalitatibus

230 1696 403 1738 concedi
424 1697 590 1755 solitas,v

230 1766 271 1799 19
289 1765 376 1798 Dec.
396 1765 492 1798 1743.

1674 1809 1820 1843 Bullae.

314 1908 382 1952 12.
419 1913 526 1950 Cum
545 1913 662 1950 sicut
682 1915 955 1963 accepimus.
980 1930 1006 1937 -
1036 1906 1138 1948 Ben.
1163 1905 1262 1948 XIV
1297 1906 1382 1949 ind.
1417 1921 1491 1960 pro
1527 1907 1670 1948 decem
1704 1908 1820 1949 feriis

231 1980 361 2021 sextis
381 1978 422 2020 S.
448 1978 514 2020 Fr.
540 1977 646 2020 Xav.
672 1977 881 2031 concedit,
905 1977 959 2019 ad
979 1979 1265 2032 septennium.

231 2047 275 2082 R.
292 2057 351 2089 ap.
372 2045 409 2080 S.
431 2046 480 2079 M.
500 2046 550 2080 M.
571 2045 623 2081 XI
639 2045 716 2081 Ian.
738 2047 821 2080 1744
840 2044 883 2081 P.
902 2056 961 2079 an.
981 2045 1045 2081 IV.

229 2145 298 2179 Eoe.
320 2153 396 2190 eyp.
415 2157 509 2180 cam.
530 2156 589 2189 ap.
610 2145 655 2189 sb.
1671 2146 1816 2180 Bullae.

312 2246 382 2290 13.
417 2244 544 2297 Cong.
569 2259 602 2286 s.
627 2244 697 2285 rit.
720 2248 764 2285 et
799 2243 885 2285 ind.
911 2268 937 2273 -
968 2243 1167 2285 Patribus
1203 2245 1480 2285 missionariis
1512 2246 1554 2286 S.
1579 2245 1613 2287 Ι.
1637 2246 1680 2286 in
1702 2244 1816 2286 Tirol

228 2315 391 2357 fructus
412 2314 770 2369 indulgentiarum
806 2328 948 2368 congr.
972 2316 1188 2357 marianae
1223 2315 1530 2369 exponentibus
1561 2320 1604 2357 et
1624 2317 1677 2357 ad
1707 2316 1814 2358 alias

227 2386 446 2441 erigendas
466 2386 637 2428 extendi
661 2386 947 2440 cupientibus,
965 2411 991 2417 —
1007 2386 1048 2429 S.
1069 2386 1129 2439 S.,
1148 2388 1322 2441 praevia
1341 2389 1608 2430 revocatione
1629 2402 1816 2429 commu-

226 2459 453 2501 nicationis
474 2458 935 2500 archiconfraternitati
952 2459 1168 2500 marianae
1190 2458 1258 2500 die
1278 2460 1331 2499 23
1354 2459 1454 2512 Apr.
1477 2460 1582 2501 1743
1600 2459 1814 2512 obtentae,

226 2530 418 2573 concedit
437 2530 722 2584 indulgentias
739 2536 976 2581 consuetas,
995 2544 1147 2583 nempe
1163 2544 1238 2583 pro
1255 2536 1434 2584 utraque
1451 2531 1815 2573 confoederatione

226 2609 369 2645 erecta
383 2603 450 2644 vel
466 2602 681 2656 erigenda,
699 2615 757 2644 sc.
778 2616 863 2643 una
878 2616 931 2644 ex
947 2602 1046 2643 solis
1063 2603 1253 2656 personis
1269 2601 1414 2643 liberis
1430 2603 1508 2643 sub
1524 2604 1592 2644 tit.
1613 2601 1811 2657 Concept.

226 2675 275 2717 B.
300 2673 358 2716 M.
384 2673 434 2716 V.
458 2680 500 2716 et
520 2674 656 2716 altera
678 2687 731 2715 ex
751 2675 942 2728 personis
963 2674 1198 2726 coniugatis
1215 2673 1291 2714 sub
1308 2674 1444 2716 invoc.
1465 2673 1579 2726 Iesu,
1597 2673 1758 2716 Mariae
1775 2679 1815 2715 et

225 2746 395 2800 Ioseph,
416 2747 458 2787 in
480 2746 614 2788 dioec,
638 2745 872 2788 Tridentin.
891 2744 1110 2787 Brixinen.
1130 2744 1362 2798 Frisingen.
1390 2746 1622 2800 Augustan.
1641 2744 1809 2787 Curien.

226 2816 519 2859 Chembesien.
552 2816 794 2871 (Kempten,
815 2817 852 2872 ‘?)
881 2822 924 2858 et
953 2816 1238 2870 Salisburgen.
1273 2830 1348 2871 per
1383 2818 1556 2859 unicum
1590 2818 1714 2860 breve
1749 2817 1812 2859 vel

226 2890 442 2932 decretum
465 2891 507 2931 in
528 2894 795 2943 perpetuum.

226 2958 264 2991 ll
283 2956 359 2991 Ian.
382 2958 477 2992 1744.

1670 2998 1815 3033 Buzzae.
