1989 3252
1275 66 1430 96 EOSTON
1453 56 1627 88 CUM-HGE
1654 56 1802 79 Ι-ιμιψω.

1318 114 1522 150 ΟΗΕΞΤΝΗΤ
1545 112 1639 140 Hm..
1661 105 1772 135 MASS.

68 197 208 242 Pauli
226 197 280 240 V.
730 218 784 224 —
812 193 891 234 269
922 217 973 223 -
1509 192 1638 235 1614.

71 283 321 333 modiorum,
347 281 445 322 data
465 280 506 322 d.
531 280 703 333 collegio
724 294 799 333 per
832 280 950 333 Greg.
988 278 1093 320 XIII
1123 279 1420 321 intercessione
1440 277 1644 319 Guidonis

73 353 306 397 Cardinalis
326 352 507 394 Ferrerii
528 366 650 392 nunc.
677 352 778 393 eccl.
802 351 1033 393 Vercellen.
1057 351 1276 405 praesulis,

72 420 113 455 R.
133 431 191 464 ap.
211 419 248 455 s,
269 419 318 452 M.
338 419 385 454 M.
407 418 456 453 VI
472 418 519 452 id.
542 418 619 453 Oct.
644 421 725 453 1614
744 417 782 450 Ρ.
803 429 860 451 an.
881 418 928 453 x.

1216 531 1306 575 Rey.
1324 530 1412 564 buu.
1431 531 1496 566 IV.
1515 533 1592 566 229.
1612 530 1646 564 b.

156 663 254 707 155.
286 666 363 704 Em
382 661 584 702 iniuncto
604 661 746 702 nobis.
770 681 796 688 -
816 656 936 698 Paul.
960 655 1010 709 V,
1039 657 1179 698 citatis
1199 656 1283 697 litt.
1316 654 1437 696 Pauli
1471 653 1514 695 II
1539 661 1646 698 Cum

76 738 123 777 in
144 734 352 777 omnibus
372 733 570 778 iudiciis,
597 731 716 780 1465,
740 731 764 770 5
785 728 843 769 id.
867 718 985 779 Maii,
1008 727 1247 781 petentibus
1264 726 1439 768 Rectore
1459 730 1500 767 et
1521 725 1647 767 colle-

76 803 252 857 gialibus
289 801 450 853 collegii
483 798 525 841 S.
562 798 597 841 I.
635 799 841 840 Bisuntin.
865 798 1036 840 mandat
1065 798 1222 840 decano
1243 797 1345 839 eccl.
1368 797 1576 838 Bisuntin.
1608 800 1649 838 et

77 874 243 917 officiali
277 872 485 913 Bisuntin.
511 875 717 925 quatenus
751 871 908 912 vocatis
943 869 1154 921 vocandis,
1191 871 1227 910 si
1261 870 1303 910 in
1338 868 1572 910 evidentem
1607 866 1648 909 d.

77 945 242 998 collegii
275 943 503 985 utilitatem
538 942 581 983 id
610 955 824 983 cessurum
872 942 1121 994 repererint,
1157 941 1369 981 licentiam
1418 938 1648 981 concedant

79 1014 339 1058 conducendi
360 1027 502 1055 aream
523 1012 799 1054 domunculae
822 1013 864 1053 in
886 1012 974 1054 loco
996 1012 1046 1053 de
1067 1011 1364 1053 Monbonsonis
1385 1010 1425 1053 d.
1449 1010 1650 1051 dioecesis

80 1089 185 1130 sitae
206 1088 325 1128 cuius
345 1099 397 1126 ne
419 1084 588 1139 quidem
609 1085 762 1126 rudera
781 1088 1022 1137 supersunt,
1044 1083 1198 1125 valoris
1221 1084 1271 1125 12
1301 1086 1405 1123 scut.
1440 1082 1550 1133 auri,
1582 1080 1655 1121 uni

79 1172 281 1214 personae
315 1157 531 1199 meliorem
567 1156 848 1197 conditionem
885 1155 922 1197 d.
957 1155 1119 1207 collegii
1155 1154 1317 1195 efficere
1349 1153 1502 1195 volenti
1537 1157 1579 1193 et
1613 1152 1657 1193 in

81 1229 371 1284 emphiteusim
390 1232 638 1282 perpetuam
655 1227 732 1268 sub
753 1241 891 1268 annuo
913 1240 1071 1268 canone
1091 1227 1217 1267 unius
1238 1226 1360 1278 scuti,
1384 1226 1472 1266 iure
1493 1223 1655 1278 praela-

81 1307 200 1344 turae
222 1307 264 1342 et
284 1300 589 1342 laudemiorum
612 1300 761 1341 rectori
782 1303 1006 1352 reservato,
1030 1298 1170 1339 dandi.

81 1368 232 1403 Tusculi
251 1368 336 1403 XVI
353 1367 425 1401 kal.
448 1368 537 1401 Nov.
559 1369 641 1402 1614
661 1366 700 1400 P.
720 1377 779 1401 an.
800 1366 845 1400 X.

1281 1484 1368 1527 Res).
1389 1484 1477 1517 bun.
1499 1482 1561 1516 JV.
1582 1484 1658 1517 223.

168 1615 266 1657 156.
301 1612 349 1653 A.
373 1610 420 1652 P.
445 1610 495 1652 R.
520 1610 577 1652 M.
604 1615 859 1655 Pastor-alls
880 1615 1010 1665 officii
1027 1626 1155 1655 cura.
1175 1636 1199 1640 -
1229 1609 1349 1650 Paul.
1373 1608 1409 1648 V
1430 1608 1659 1660 prioratum

87 1684 126 1726 S.
155 1683 350 1725 Venantii
371 1683 489 1736 parvi
524 1683 566 1723 in
597 1696 737 1723 amore
773 1683 999 1735 nuncupati
1036 1682 1133 1723 Ord.
1159 1680 1446 1723 Cluniacensis
1468 1692 1594 1732 prope
1617 1683 1658 1719 et

86 1759 204 1796 extra
226 1767 365 1795 muros
385 1753 501 1794 urbis
523 1753 653 1794 Dolae
684 1753 877 1794 Bisuntin
913 1753 1043 1794 dioec.
1067 1753 1119 1793 ab
1151 1753 1262 1793 omni
1283 1752 1368 1793 alia
1396 1751 1548 1791 unione
1580 1748 1661 1789 dis-

86 1831 264 1867 tractum
295 1830 500 1865 conventu
523 1830 751 1876 carentem,
774 1824 887 1865 salva
908 1825 1106 1878 pensione
1135 1837 1273 1865 annua
1295 1822 1393 1864 Ord.
1416 1821 1656 1863 Cluniacen.

87 1896 283 1939 Generali
306 1895 459 1937 Abbati
480 1895 769 1949 persolvenda,
793 1895 965 1949 collegio
987 1896 1026 1937 S.
1051 1895 1085 1936 I.
1110 1894 1269 1937 Dolano
1291 1893 1499 1935 Bisuntin.
1524 1891 1655 1933 dioec.

88 1969 341 2021 incorporat.

88 2034 130 2069 R.
150 2045 206 2077 ap.
227 2034 263 2068 S.
284 2034 334 2069 M.
353 2033 402 2067 M.
422 2033 471 2068 id.
490 2034 574 2068 nec.
596 2035 677 2068 1614
696 2033 736 2067 P.
756 2044 813 2068 an.
835 2033 879 2067 x.

983 2152 1106 2185 Fund.
1123 2162 1183 2193 pr.
1203 2151 1375 2193 Lugdun.
1394 2155 1417 2183 t.
1439 2149 1513 2182 III.
1534 2150 1658 2183 Dolae.

174 2280 268 2324 157.
303 2284 374 2321 Eoe
392 2281 595 2322 iniuncto
615 2280 755 2321 nohis.
793 2302 818 2308 —
852 2276 971 2318 Paul.
1004 2275 1056 2328 V,
1086 2275 1226 2316 citatis
1259 2274 1413 2315 litteris
1447 2273 1569 2314 Pauli
1603 2271 1661 2324 II,

95 2356 200 2393 Cum
222 2357 269 2393 in
290 2351 498 2392 omnibus
520 2351 722 2397 iudicas,
748 2348 868 2398 1465,
892 2360 929 2387 V.
955 2345 1011 2387 id.
1032 2344 1150 2397 Maii,
1172 2344 1410 2399 petentibus
1437 2348 1598 2385 rectore
1625 2349 1669 2384 et

93 2419 377 2472 collegialibus
397 2418 492 2460 coll.
524 2417 564 2460 S.
590 2417 624 2459 I.
648 2417 958 2470 Portugalensis
985 2422 1025 2458 et
1056 2422 1326 2470 praeceptore
1357 2415 1669 2469 praeceptoriae

94 2490 145 2532 de
179 2490 348 2532 Poiares
367 2503 492 2530 nunc.
516 2489 735 2542 hospitalis
757 2488 797 2530 S.
817 2487 985 2529 Ioannis
1006 2487 1377 2540 Hierosolymitani
1400 2485 1664 2538 Portugalen.

95 2562 174 2602 civ,
206 2566 248 2602 et
278 2560 428 2613 dioec,
447 2559 708 2601 thesaurario
739 2558 841 2599 eccl.
866 2557 1130 2610 portugalen.
1151 2563 1192 2599 et
1213 2558 1380 2599 officiali
1401 2557 1666 2610 Portugalen.

97 2633 269 2675 mandat
301 2638 347 2675 ut
382 2633 731 2687 permutationem
766 2630 948 2672 efficiant
982 2631 1084 2683 petii
1105 2636 1241 2672 terrae
1262 2630 1314 2670 ad
1335 2629 1670 2683 praeceptorium

96 2705 324 2758 spectantis
345 2708 386 2746 et
407 2705 449 2745 in
480 2704 739 2758 possessione
761 2701 801 2744 d.
825 2702 991 2755 collegii
1014 2701 1063 2742 de
1087 2701 1265 2742 Vacaria
1286 2700 1396 2741 dicta
1417 2699 1668 2752 interpositi,

96 2776 390 2829 praestationis
406 2789 570 2816 annuae
587 2777 637 2816 39
655 2774 857 2827 regalium
879 2787 952 2814 seu
976 2775 1000 2814 3
1023 2773 1271 2814 ducatorum
1291 2772 1384 2813 auri
1409 2771 1459 2813 de
1489 2784 1670 2823 camera,

99 2851 142 2887 et
161 2846 270 2887 alius
291 2846 394 2899 petii
412 2846 566 2886 valoris
587 2845 711 2898 duplo
732 2845 917 2885 maioris

98 2911 140 2946 R.
159 2922 217 2954 ap.
239 2911 275 2946 S.
295 2911 336 2945 P.
358 2923 410 2955 pr.
430 2911 479 2946 id.
498 2911 605 2946 Mart.
630 2914 710 2946 1614
728 2911 768 2944 P.
788 2921 846 2944 an.
866 2910 911 2943 X.

1300 3029 1389 3072 Rey.
1408 3028 1495 3062 bull.
1514 3027 1578 3060 IV.
1598 3027 1673 3062 278.
