1989 3252
630 439 1254 514 ALEXANDRI
1346 437 1568 510 VIII.

304 678 513 714 Alexander
530 678 625 713 vm.
645 678 820 714 Venetus,
842 675 972 709 Petrus
991 674 1097 709 Vitus
1117 672 1329 713 otthoboni,
1350 671 1476 706 Presb.
1498 670 1603 705 Card.
1635 670 1691 703 tit.
1722 669 1758 703 S.
1778 667 1902 702 Salva-

391 734 481 768 toris
501 733 536 765 in
557 734 688 771 Lauro,
710 735 834 774 postea
852 730 888 764 S.
908 729 1036 770 Marci,
1056 729 1192 763 electus
1209 728 1270 767 VI,
1291 730 1487 762 coronatus
1506 726 1591 760 XVI
1605 725 1684 760 Oct.
1703 726 1799 761 1689,
1815 721 1906 757 obiit

396 793 409 822 l
431 789 537 822 Febr.
558 790 656 822 1691.

393 1072 431 1114 1.
468 1072 539 1112 Aa(
560 1070 837 1123 augyendam.
862 1091 887 1097 -
911 1064 1139 1107 Alexandri
1162 1063 1265 1105 VIII
1285 1062 1371 1103 ind.
1401 1075 1476 1115 pro
1506 1060 1696 1102 oratione
1724 1060 1778 1100 40
1807 1058 1898 1099 hor.

314 1142 360 1183 in
381 1140 743 1195 quinquagesima.
771 1139 835 1180 Ad
857 1138 1124 1191 septennium
1147 1135 1249 1189 (Cfr.
1275 1134 1368 1176 Inn.
1392 1132 1453 1174 XI
1476 1147 1516 1174 n.
1542 1134 1628 1183 30).

311 1211 354 1244 25
372 1208 455 1242 Oct.
475 1209 571 1242 1689.

1642 1272 1794 1308 Elench.
1814 1272 1904 1306 bull.

396 1397 437 1439 2.
475 1397 739 1438 Coelestz'um
762 1405 1020 1435 nnmerum.
1045 1414 1070 1420 —
1092 1386 1323 1429 Alexandri
1354 1384 1458 1427 VIII
1488 1383 1575 1425 ind.
1600 1397 1674 1438 pro
1695 1382 1906 1424 missioni-

314 1467 393 1508 bus
414 1465 455 1508 S.
479 1465 514 1507 1.
540 1465 605 1506 Ad
625 1464 895 1518 septennium
916 1460 1019 1516 (Cfr.
1044 1461 1137 1502 Inn.
1162 1459 1223 1501 XI
1243 1474 1283 1501 n.
1309 1459 1397 1510 29).

314 1536 356 1567 26
374 1533 453 1567 Oet.
477 1535 574 1568 1689.

1646 1600 1798 1634 Elench.
1820 1599 1908 1633 buu.

401 1722 443 1765 3.
477 1718 627 1771 Congr.
653 1717 694 1759 S.
727 1716 815 1757 Rit.
840 1741 866 1746 —
901 1715 1129 1756 Decretum
1163 1725 1237 1766 pro
1272 1709 1521 1753 celebrando
1554 1708 1661 1750 festo
1682 1707 1721 1749 S.
1746 1706 1896 1747 Franc.

319 1791 497 1844 Borgiae
519 1789 597 1830 sub
618 1790 703 1833 ritu
725 1786 995 1840 semiduplici
1014 1786 1058 1826 in
1079 1784 1194 1826 Eccl.
1218 1781 1462 1824 universali.

315 1861 336 1893 8
353 1859 444 1892 Nov.
467 1859 562 1891 1689.

1651 1921 1803 1956 Elench.
1821 1919 1912 1955 buu.

401 2050 443 2091 4.
476 2045 528 2086 A.
550 2043 599 2087 F.
622 2042 672 2084 R.
699 2042 756 2083 M.
784 2049 1063 2084 .=›1722‘ma7⁰um
1081 2040 1236 2081 saluti.
1274 2061 1299 2066 -
1335 2034 1455 2075 Alex.
1493 2031 1613 2083 VIII,
1645 2030 1911 2084 supplicante

320 2116 481 2169 Thyrso
502 2115 708 2158 Gonzales
729 2114 755 2155 S
795 2112 830 2154 Ι.
855 2111 1005 2164 Praep.
1030 2109 1154 2160 Gen.‚
1172 2110 1347 2148 renovat
1366 2105 1420 2146 ad
1440 2106 1492 2146 20
1527 2115 1658 2144 annos
1693 2100 1911 2152 indulgen-

319 2187 400 2228 tias
422 2192 465 2228 et
485 2186 711 2227 facultates
732 2183 773 2224 d.
798 2182 839 2224 S.
864 2183 905 2223 in
923 2180 1070 2231 Indus,
1089 2193 1115 2220 a
1132 2178 1264 2220 Clem.
1283 2175 1344 2217 IX
1366 2174 1461 2229 (cfr.
1484 2187 1524 2215 n.
1548 2174 1614 2225 13)
1630 2183 1862 2213 concessas.

321 2253 366 2288 R.
385 2264 443 2297 ap.
465 2253 500 2288 S.
522 2253 572 2286 M.
590 2253 640 2287 M.
660 2251 770 2286 XXX
792 2250 897 2283 Mart.
920 2250 1003 2283 1690
1022 2247 1062 2281 Ρ.
1084 2257 1142 2279 an.
1165 2248 1194 2279 1.
1241 2242 1248 2243 ’

324 2362 428 2396 Ball.
452 2363 554 2397 Rom.
574 2380 617 2385 -
636 2360 735 2394 Ball.
756 2359 801 2393 de
817 2368 969 2402 propaq.
989 2356 1063 2399 fide
1080 2354 1130 2391 II.
1159 2356 1229 2387 119.
1653 2346 1791 2380 Elench
1824 2344 1913 2378 bun.

404 2474 446 2517 5.
483 2475 847 2516 Celszssamorwn
868 2470 1099 2511 decorwn.
1123 2487 1149 2493 -
1165 2461 1287 2502 Alex.
1308 2458 1411 2500 VIII
1428 2457 1489 2498 ill.
1509 2470 1558 2498 ac
1573 2458 1733 2509 potent.
1754 2453 1907 2494 utrius-

326 2557 406 2598 que
427 2543 645 2584 Tartariae
668 2545 709 2582 et
730 2540 924 2581 Sinarum
946 2534 1187 2590 imperatori
1222 2531 1458 2586 gratulatur
1492 2539 1759 2582 propensam,
1782 2537 1908 2578 quam

326 2630 378 2658 ex
397 2614 545 2657 Claud.
567 2613 678 2655 Phil.
697 2610 911 2652 (h-imaldo
934 2609 976 2651 S.
1000 2608 1034 2649 I.
1055 2605 1263 2660 cognovit,
1283 2604 1325 2643 in
1342 2600 1630 2642 missionarios
1648 2597 1688 2638 d.
1708 2597 1749 2638 S.
1769 2595 1913 2637 volun-

326 2691 458 2728 tatem
480 2691 522 2727 et
558 2684 778 2734 beneficia,
802 2695 910 2736 quae
947 2681 990 2720 in
1025 2692 1095 2719 eos
1132 2675 1280 2717 Pekiui
1302 2672 1550 2727 praesertim
1571 2667 1764 2720 effundit,
1789 2668 1912 2720 eique

326 2757 592 2801 commendat
611 2755 762 2796 Franc.
788 2754 843 2794 M.
870 2751 1042 2805 Spinola
1062 2763 1157 2790 cum
1176 2747 1316 2798 sociis,
1339 2743 1625 2798 praesentium
1645 2740 1813 2781 latores.

327 2827 371 2860 R.
390 2837 448 2868 ap.
470 2824 505 2858 S.
529 2825 574 2855 M.
597 2823 645 2856 M.
669 2821 787 2857 XXIV
804 2820 871 2855 Iul.
894 2821 978 2854 1690
997 2818 1037 2852 Ρ.
1057 2828 1116 2850 an.
1136 2816 1162 2850 I.

327 2933 450 2978 [Apol.
468 2944 536 2974 pro
553 2932 651 2965 decr.
673 2932 777 2964 Aleae.
806 2927 898 2962 VIII
914 2928 1012 2967 1700]
1028 2925 1078 2959 ad
1094 2927 1180 2958 calc.
1199 2934 1237 2967 p.
1256 2924 1325 2956 4-6.

333 2989 421 3023 Ball
450 2993 551 3030 patr.
573 2987 731 3029 Portuy.
756 2984 805 3023 II,
822 2995 859 3025 p.
882 2984 956 3017 198.
