1989 3252
264 189 443 233 Urban.
464 187 597 233 VIII.
938 213 994 218 —
1025 190 1105 229 348
1135 213 1189 218 —
1728 189 1855 233 1641.

351 276 449 319 184.
487 278 751 320 coelestium
788 290 1046 320 munerum.
1080 300 1106 305 —
1135 274 1299 317 Urbani
1336 273 1439 316 VIII
1474 273 1762 328 indulgentiae
1781 287 1856 329 pro

267 346 536 447 milssionibus
557 346 599 389 S.
622 346 656 389 Ι.
682 346 737 389 ad
758 348 1024 401 septennium
1045 346 1149 401 (Cfr.
1172 362 1214 390 n.
1242 349 1352 400 135).

265 415 308 448 23
343 424 364 446 u
386 438 393 446 .
416 415 509 448 1639.

1595 520 1747 554 Elench.
1767 519 1858 554 bull.
1923 529 1927 531 ·

350 635 449 678 185.
485 637 653 677 Christi
673 633 916 675 Salvatorz‘.
941 655 967 661 —
996 629 1159 671 Urbani
1189 629 1293 671 VIII
1322 630 1585 672 confirmatio
1611 629 1859 673 concordiae

268 705 379 745 inter
398 703 439 745 S.
463 703 498 745 I.
523 707 566 745 et
586 703 747 744 clerum
771 702 965 755 Legionis
980 705 1023 744 et
1042 699 1254 743 Castellae
1275 715 1348 755 pro
1370 701 1561 744 decimis.

267 772 286 804 3
305 769 402 814 Sept.
423 771 517 806 1639.

1598 878 1752 914 Elench.
1771 879 1862 914 bun.

352 995 451 1038 186.
486 994 730 1036 Eoehz‘bz‘cae
765 993 895 1035 nobis
932 1004 1092 1046 nuper.
1126 1014 1153 1020 -
1182 988 1343 1031 Urban.
1377 988 1497 1042 VIII,
1529 993 1697 1043 petente
1728 988 1862 1031 Mutio

270 1062 519 1105 Vitelleschi
548 1062 617 1105 Pr.
651 1061 755 1104 Gen.
789 1061 832 1104 S.
865 1061 898 1103 I.
923 1060 1098 1102 mandat
1127 1061 1441 1114 archiepiscopo
1471 1060 1742 1103 Cameracen.
1775 1062 1863 1104 sive

269 1135 360 1176 eius
381 1134 549 1176 officiali
569 1138 615 1175 ut
636 1133 819 1175 iudicem
841 1133 884 1174 in
905 1133 984 1174 civ,
1010 1132 1209 1174 Leodien.
1233 1132 1410 1185 deputet
1430 1132 1503 1186 qui
1523 1132 1669 1174 audiat
1689 1137 1731 1174 et
1751 1132 1863 1174 deci-

268 1206 343 1248 dat
363 1220 533 1248 causam
554 1205 764 1247 nullitatis
785 1204 1023 1247 donationis
1044 1204 1181 1246 factae
1201 1203 1375 1257 collegio
1405 1203 1447 1246 S.
1480 1203 1514 1245 Ι.
1550 1204 1690 1246 Huen.
1724 1203 1858 1247 dioec.

268 1277 466 1319 Leodien.
491 1291 565 1331 per
587 1276 809 1330 Aegidium
827 1276 877 1318 de
898 1275 1040 1328 Mean,
1065 1276 1136 1330 qui
1153 1275 1361 1316 admissus
1376 1288 1444 1317 an.
1468 1276 1574 1317 1614
1594 1276 1637 1316 in
1657 1274 1698 1317 S.
1719 1275 1754 1316 Ι.
1778 1280 1861 1318 aet.

267 1363 379 1391 anno
399 1351 468 1401 23,
491 1348 704 1402 simplicia
726 1352 838 1398 vota,
862 1347 1018 1399 studia,
1038 1349 1093 1389 3¹n
1114 1346 1404 1400 probationem
1421 1347 1535 1399 fecit,
1555 1347 1610 1388 ad
1630 1361 1662 1388 S.
1688 1346 1864 1389 Ordines

269 1425 502 1474 promotus,
525 1434 602 1474 per
627 1422 678 1461 20
710 1433 842 1461 annos
872 1420 991 1460 varia
1019 1419 1255 1460 ministeria
1285 1419 1491 1470 exercuit,
1524 1418 1620 1459 dein
1650 1418 1865 1460 discedere

270 1493 431 1544 volens,
463 1493 732 1534 donationem
765 1505 885 1532 suam
915 1505 983 1532 an.
1021 1492 1125 1533 1616
1157 1491 1269 1532 inter
1298 1490 1429 1543 vivos,
1452 1495 1676 1543 praesente
1697 1491 1750 1532 fr.
1773 1504 1864 1544 ger-

272 1578 396 1605 mano
417 1563 591 1615 Ioanne,
611 1577 751 1605 coram
768 1563 952 1604 scabinis
968 1567 1010 1603 et
1026 1561 1114 1603 alta
1128 1562 1292 1603 iustitia
1308 1575 1434 1603 nunc.
1454 1562 1640 1603 civitatis
1657 1561 1858 1603 Leodien.

271 1636 444 1687 factam,
466 1635 679 1677 annullari
701 1635 754 1676 ab
777 1634 946 1676 officiali
967 1633 1165 1675 Leodien.
1190 1638 1426 1675 curaverat.

268 1703 310 1738 R.
333 1713 388 1746 ap.
410 1703 445 1736 S.
468 1703 508 1736 Ρ.
529 1702 649 1738 xxiv
669 1702 759 1737 Maii
783 1704 864 1737 1640
885 1701 925 1735 Ρ.
945 1712 1004 1734 an.
1027 1700 1142 1735 XVII.

1451 1812 1540 1855 Ray.
1561 1811 1649 1845 buzz.
1676 1811 1734 1844 111.
1753 1813 1809 1846 79.
1829 1811 1863 1844 b.

350 1928 448 1972 187.
468 1923 597 1978 Cong.
622 1923 662 1966 S.
684 1923 770 1965 Rit.
789 1949 815 1954 -
830 1923 1068 1976 Aragoniae
1093 1938 1100 1964 :
1126 1921 1381 1975 Episcopum
1402 1936 1485 1964 non
1503 1921 1686 1975 potuisse
1703 1921 1862 1974 praeci-

268 2004 367 2052 pere
389 1997 499 2038 clero
522 1996 638 2049 regni
661 1996 812 2037 festum
837 1994 878 2036 S.
902 1994 1058 2047 Ignatii
1079 1993 1156 2034 sub
1178 1994 1262 2034 ritu
1283 1993 1459 2046 duplici.

270 2067 307 2099 15
326 2064 410 2098 Dec.
434 2066 528 2098 1640.

268 2174 484 2209 Gardellim·
507 2176 599 2208 1263.

351 2287 450 2330 188.
485 2292 558 2328 Ex
576 2289 781 2327 iniuncto
801 2286 944 2326 nobis.
975 2307 1001 2313 —
1021 2281 1181 2323 Urban.
1219 2279 1337 2331 VIII,
1369 2279 1508 2320 citatis
1538 2278 1620 2319 litt.
1653 2277 1774 2319 Pauli
1803 2276 1861 2328 II,

269 2364 376 2401 Cum
398 2359 445 2399 in
467 2358 679 2399 omnibus
698 2357 903 2406 iudiciis,
939 2355 1060 2406 1465,
1095 2352 1145 2394 V.
1189 2352 1247 2393 id.
1272 2351 1390 2403 Maii,
1427 2350 1671 2404 petentibus
1703 2352 1864 2390 rectore

266 2428 481 2470 seminarii
505 2440 729 2480 puerorum
753 2425 1030 2467 ecclesiastici
1053 2424 1266 2478 Spoletan.
1294 2428 1337 2464 et
1359 2421 1506 2463 Carolo
1527 2427 1571 2462 et
1590 2420 1791 2462 fratribus
1812 2419 1863 2461 de

265 2498 484 2543 Cocciolis,
511 2497 683 2539 mandat
719 2497 847 2550 priori
883 2496 986 2538 eccl.
1016 2494 1215 2548 Spoletan
1237 2498 1279 2535 et
1308 2494 1387 2534 vic.
1421 2506 1514 2546 gen.
1549 2491 1731 2545 episcopi
1763 2490 1863 2543 Spo-

266 2570 393 2612 letan.
433 2574 479 2610 ut
511 2569 733 2611 confirmet
767 2568 1024 2621 emptionem
1061 2566 1105 2606 in
1141 2565 1327 2606 favorem
1365 2563 1460 2605 coll.
1499 2563 1539 2604 S.
1579 2562 1611 2603 1.
1645 2560 1860 2614 Spoletan.

265 2645 290 2683 3
313 2647 450 2683 terrae
471 2641 680 2694 petiorum
718 2639 851 2689 (valor
873 2641 969 2690 344,
992 2638 1043 2678 fr.
1081 2639 1131 2678 12
1163 2637 1243 2689 sc.)
1275 2636 1328 2677 ad
1359 2635 1427 2676 dd.
1462 2635 1614 2675 fratres
1645 2634 1688 2673 in
1724 2631 1860 2673 medio

266 2712 428 2767 praedii
449 2712 573 2753 villae
595 2712 635 2752 S.
655 2711 802 2752 Crucis
824 2710 863 2751 d.
887 2709 927 2752 S.
949 2709 1231 2762 spectantium
1255 2721 1328 2761 pro
1346 2707 1442 2747 aliis
1463 2710 1643 2760 quotuor
1662 2704 1788 2757 petiis
1808 2701 1862 2743 ad

264 2784 433 2827 eosdem
449 2783 739 2837 spectantibus
756 2781 831 2823 sed
848 2795 1015 2822 annuae
1032 2779 1311 2834 praestationi
1327 2779 1451 2819 unius
1467 2777 1601 2818 librae
1622 2789 1743 2817 cerae
1765 2787 1862 2827 erga

263 2857 303 2899 d.
328 2857 480 2897 semin.
505 2855 720 2896 subiectis.

270 2923 312 2957 R.
334 2934 393 2965 ap.
416 2922 452 2957 S.
472 2922 521 2957 M.
542 2922 592 2956 M.
612 2921 661 2956 IV
680 2921 728 2955 id.
747 2920 813 2956 Iul.
837 2922 918 2955 1641
939 2919 978 2953 Ρ.
998 2929 1056 2953 an.
1078 2917 1208 2953 XVIII.

1507 3019 1596 3059 Rey.
1617 3017 1705 3049 bull.
1729 3014 1790 3048 VI.
1809 3016 1862 3049 84.
