1989 3252
74 176 217 221 Clem.
238 175 299 219 X.
746 197 798 202 —
827 174 907 214 399
935 196 990 202 —
1517 174 1646 218 1675.

155 263 226 306 56.
260 265 444 317 Expom'
461 263 591 304 nobis
609 274 771 315 nuper.
796 283 821 289 -
851 257 983 300 Clem.
1007 258 1058 310 X,
1082 259 1322 312 petentibus
1352 260 1653 301 communitate

73 336 116 374 et
134 331 373 373 hominibus
394 331 472 372 ciV.
498 330 699 371 Narnien.
724 333 766 370 et
794 329 958 370 clericis
980 330 1075 370 coll.
1099 329 1383 372 Interamnen.
1407 329 1447 372 S.
1472 329 1506 372 I.
1533 344 1653 372 man-

72 401 145 443 dat
170 404 248 454 epo
270 400 470 442 Narnien.
494 404 542 441 ut
562 400 778 441 confirmet
800 399 1066 441 concordiam
1088 414 1214 453 super
1233 400 1492 442 haereditate
1516 400 1653 454 Septi-

72 473 146 514 mii
176 471 375 523 Maurini,
399 473 517 512 cuius
549 471 655 512 duae
683 471 835 511 tertiae
855 474 995 523 partes
1017 470 1167 512 cedant
1188 471 1377 523 collegio,
1400 485 1494 512 cum
1526 485 1653 513 onere

71 543 282 584 missionis
303 542 475 595 singulis
496 541 693 593 bienniis,
715 542 841 582 tertia
862 540 901 582 d.
926 542 1087 582 civitati
1102 555 1177 594 pro
1207 542 1380 583 lecturis
1414 541 1653 594 theologiae

71 613 240 655 moralis
263 618 306 654 et
326 613 446 654 iuris.

68 679 114 714 R.
131 689 188 722 ap.
210 678 246 713 S.
266 678 314 713 M.
338 679 385 712 M.
406 678 492 712 XIV
509 678 584 713 Ian.
607 681 691 713 1675
711 677 751 712 P.
771 688 829 710 an.
849 677 892 711 V.

1238 798 1327 841 Rey.
1345 798 1432 833 hall.
1462 798 1518 833 VI.
1537 801 1601 833 224
1619 799 1654 832 b.

155 921 224 964 57.
254 917 304 959 A.
328 917 373 958 P.
397 916 446 957 R.
472 915 528 958 M.
563 922 887 972 Emposuemmt
924 919 1076 960 Nobis.
1109 940 1135 947 -
1165 914 1296 958 Clem.
1329 915 1367 956 X
1399 930 1493 958 cum
1523 917 1655 971 aliqui

73 990 330 1030 convictores
350 988 458 1039 itali,
481 991 651 1040 propter
670 987 937 1028 vehementes
954 988 1188 1040 potentium
1207 987 1590 1029 commendationes
1611 989 1655 1028 in

75 1059 172 1100 coll.
196 1058 393 1100 German.
413 1063 455 1099 et
470 1058 656 1110 Hungar.
676 1057 903 1099 introducti
920 1058 1114 1109 fuissent,
1134 1058 1350 1099 decretum
1366 1061 1391 1100 5
1412 1057 1535 1099 Card.
1554 1058 1654 1099 Pro-

70 1134 279 1172 tectorum
301 1129 341 1171 d.
366 1129 527 1181 collegii
548 1134 595 1169 ut
616 1129 754 1170 nullus
785 1130 997 1170 convictor
1026 1129 1092 1170 vel
1129 1129 1324 1170 alumnus
1359 1130 1592 1182 recipiatur
1612 1130 1656 1170 in

69 1200 292 1254 collegium
308 1201 477 1254 quinon
497 1200 649 1241 habeat
664 1200 889 1253 qualitates
906 1200 948 1240 in
967 1199 1082 1240 bulla
1098 1200 1408 1241 constitutionis
1430 1201 1653 1254 requisitas

68 1276 110 1313 et
130 1272 183 1313 sit
202 1275 327 1313 natus
349 1276 391 1312 et
411 1271 614 1312 educatus
634 1272 678 1312 in
698 1272 922 1324 provinciis
944 1271 987 1311 in
1016 1270 1056 1312 d.
1098 1271 1214 1312 bulla
1250 1272 1473 1324 expressis,
1505 1269 1657 1312 confir-

69 1347 190 1452 Irsaatp.
211 1408 247 1442 S.
267 1408 318 1443 M.
339 1408 386 1442 M.
406 1408 456 1443 IV
473 1408 581 1443 Mart.
602 1410 686 1443 1675
707 1407 747 1442 P.
767 1417 825 1441 an.
851 1407 892 1440 V.

76 1528 177 1562 Ball.
196 1529 302 1564 Rom.
321 1548 360 1552 —
379 1528 480 1562 Ball.
501 1528 547 1562 de
560 1538 717 1571 propay.
737 1527 810 1571 fide
828 1526 858 1560 I.
878 1529 954 1562 452.

159 1660 231 1704 58.
260 1657 311 1699 A.
343 1656 390 1699 F.
423 1656 473 1698 R.
506 1655 563 1697 M.
599 1663 780 1712 Empom'
809 1658 938 1700 nobis
969 1672 1130 1712 nuper.
1166 1680 1192 1687 -
1227 1655 1358 1698 Clem.
1395 1655 1450 1709 X,
1493 1660 1663 1710 petente

75 1728 288 1782 Alphonso
322 1728 373 1770 de
410 1728 580 1769 Alarcos
614 1726 751 1780 presb.
784 1726 824 1768 S.
858 1727 892 1768 Ι.
926 1731 968 1768 et
1000 1732 1270 1780 procuratore
1305 1741 1419 1781 prov,
1458 1727 1579 1780 Hisp.
1618 1732 1661 1768 et

76 1800 232 1842 Indiar.
254 1800 352 1841 Occ.
378 1799 416 1840 d.
442 1798 501 1851 S.,
519 1799 701 1839 alumnis
723 1799 1040 1839 seminariorum
1062 1798 1101 1840 S.
1122 1798 1240 1839 Fidei
1262 1804 1303 1839 et
1326 1797 1493 1848 Quiten.
1513 1800 1659 1840 civita-

74 1874 182 1923 tum,
205 1884 313 1925 quae
333 1883 358 1911 a
387 1869 563 1910 Limana
591 1870 861 1910 universitate
895 1871 998 1910 1500
1015 1874 1055 1910 et
1072 1871 1150 1910 900
1173 1870 1342 1911 milliar.
1368 1870 1538 1922 distant,
1562 1884 1658 1911 con-

79 1941 189 1982 cedit
235 1945 282 1981 ut
329 1939 479 1994 gradus
527 1940 740 1992 suscipere
771 1939 955 1992 valeant,
989 1944 1154 1980 servata
1182 1944 1323 1980 tamen
1354 1940 1490 1980 forma
1529 1939 1658 1980 litter.

79 2011 200 2066 Greg.
223 2011 327 2053 XIII
349 2025 424 2065 pro
443 2011 626 2052 alumnis
648 2024 749 2052 sem.
774 2010 968 2052 Romani.

78 2078 123 2112 R.
139 2089 195 2121 ap.
217 2077 252 2112 S.
274 2078 319 2112 M.
337 2078 387 2113 M.
408 2076 511 2112 XVII
528 2078 614 2119 Apr.
636 2079 721 2112 1675
738 2076 779 2110 Ρ.
799 2086 858 2111 an.
880 2077 920 2111 V.

776 2197 861 2239 Rey.
881 2196 973 2231 bzcll.
1001 2196 1061 2230 VI.
1081 2197 1144 2231 2:26
1165 2197 1198 2230 b.
1217 2214 1258 2220 —
1276 2196 1400 2232 Fund.
1418 2196 1514 2231 Nova·
1532 2197 1660 2239 Reym'.

162 2317 234 2362 59.
266 2319 518 2372 Relz'yz'om‘s
536 2318 673 2359 zelus.
696 2338 722 2344 —
738 2312 870 2355 Clem.
891 2314 927 2354 X
944 2314 1126 2355 Antonio
1142 2312 1298 2366 Vieyra
1314 2314 1497 2356 lusitano
1520 2314 1657 2369 presb.

82 2401 167 2441 reg.
190 2387 232 2429 S.
255 2387 290 2428 I.
313 2399 366 2428 ex
384 2385 498 2427 Urbe
519 2385 572 2427 ob
593 2385 878 2427 valetudinem
899 2388 942 2426 et
960 2398 1106 2437 graves
1127 2398 1258 2426 annos
1278 2386 1431 2426 reverti
1460 2386 1503 2426 in
1531 2387 1660 2439 patri-

83 2472 151 2500 am
171 2458 419 2510 intendenti,
442 2456 632 2498 concedit
651 2457 960 2510 exemptionem
979 2469 1006 2497 a
1024 2455 1169 2496 iurisd.
1194 2455 1486 2510 Inquisitionis
1515 2456 1661 2498 lusita-

83 2543 217 2571 Ulcae.

83 2596 128 2630 R.
147 2606 203 2639 ap.
224 2596 260 2629 S.
277 2595 324 2629 M.
343 2596 389 2629 M.
407 2594 512 2630 XVII
528 2595 614 2637 Apr.
636 2595 720 2629 1675
739 2593 778 2627 Ρ.
798 2604 858 2628 an.
878 2593 921 2629 V.

84 2716 185 2750 Buce.
204 2716 309 2750 Rom.
1253 2712 1339 2757 Req.
1357 2713 1446 2748 buu.
1469 2714 1528 2750 VI.
1548 2717 1612 2750 227
1628 2715 1665 2752 b.

153 2836 242 2882 -60,
273 2834 325 2877 A.
348 2833 396 2875 F.
419 2833 470 2875 R.
493 2831 552 2876 M.
584 2840 692 2879 Cum
711 2836 828 2877 Sicut
847 2841 1118 2889 accepimus.
1151 2857 1178 2863 —
1208 2832 1341 2875 Clem.
1374 2832 1413 2873 X
1442 2833 1590 2875 statuit
1617 2838 1665 2875 ut

88 2906 159 2959 qui
180 2906 435 2947 convictores
455 2905 713 2957 recipiuntur
732 2904 775 2944 in
796 2903 980 2956 collegiis
1000 2903 1229 2956 pontificiis
1257 2903 1503 2957 Anglorum,
1536 2903 1664 2945 Grae-

89 2989 246 3028 corum,
263 2975 583 3027 Maronitarum,
603 2974 820 3017 Scotorum
837 2979 878 3015 et
893 2974 1177 3016 Hibernorum
1193 2973 1244 3016 de
1266 2973 1397 3027 Urbe,
1420 2987 1545 3016 curae
1564 2973 1607 3017 S.
1625 2973 1660 3016 I.
