1989 3252
73 244 216 288 Clem.
237 243 375 288 ΧΠΙ.
732 268 786 273 —
814 245 890 284 501
924 267 978 273 —
1522 243 1653 288 1768.

149 332 219 374 91.
268 336 373 373 Cam
395 345 453 373 em
481 335 676 385 ucraque
709 334 884 374 Sicilia.
922 355 947 360 -
982 330 1115 372 Clem.
1153 330 1218 372 III
1252 331 1395 372 comiti
1430 329 1649 372 Colloredo

71 398 277 453 significat
295 404 337 441 et
358 413 431 453 per
450 400 656 442 Nuntium
676 401 952 454 apostolicum
989 403 1141 455 exponi
1175 402 1298 443 iussit
1331 401 1529 442 iniuriam
1562 405 1651 441 tum

71 470 327 524 apostolicae
361 484 460 512 suae
495 472 538 511 in
571 471 764 512 Ecclesia
798 473 1014 524 potestati,
1038 476 1128 513 tum
1164 472 1317 512 summi
1354 473 1418 512 sui
1440 472 1482 512 in
1504 471 1652 512 eccles.

74 541 276 583 ditionem
310 542 477 594 imperii
499 543 709 583 maiestati
731 542 892 584 illatam
915 556 990 595 per
1009 541 1050 584 S.
1075 542 1110 584 I.
1135 556 1158 584 e
1188 542 1334 600 Sicilia
1364 542 1656 596 expulsionem

76 611 128 652 (le
149 625 232 665 qua
265 612 420 653 iniuria
455 612 581 653 scribi
618 614 740 654 iussit
773 614 828 654 ad
863 627 1023 655 caesar.
1048 616 1214 656 maiest.
1253 613 1436 666 Iosephi‚
1468 617 1586 665 rogat
1607 626 1659 653 ne

77 681 196 724 Rom.
220 681 451 724 Ecclesiam
473 682 681 725 desertam
702 697 797 726 cum
817 689 934 726 tauto
956 685 1108 737 probro
1130 686 1330 739 patiatur.

78 748 119 782 R.
135 758 192 791 ap.
213 748 247 784 S.
267 749 316 783 M.
337 749 388 783 M.
408 750 439 783 V
459 750 542 784 Dec.
564 751 649 784 1767
668 750 710 785 P.
728 761 788 784 an.
809 751 854 785 X.

76 857 176 891 Bull.
201 857 307 891 Rom.

160 966 232 1010 92.
268 967 584 1008 Incredibilem
604 968 748 1009 nohis.
773 990 798 995 —
819 965 951 1006 Clem.
975 965 1078 1006 XIII
1112 966 1291 1007 Antonio
1314 966 1436 1007 Card.
1461 966 1659 1018 Sersalio,

79 1036 198 1076 cuius
214 1035 293 1076 vic.
316 1048 409 1088 gen.
432 1035 483 1075 iis
504 1036 778 1077 conventibus
799 1037 843 1077 in
860 1037 1011 1090 quibus
1028 1038 1174 1090 iniqua
1191 1037 1242 1078 de
1264 1037 1515 1090 expellenda
1538 1042 1661 1078 noctu

79 1106 253 1148 militari
274 1119 402 1148 manu
431 1120 485 1147 ex
505 1112 684 1161 utraque
705 1107 852 1149 Sicilia
872 1107 914 1149 S.
938 1107 974 1149 Ι.
994 1108 1169 1149 consilia
1189 1108 1540 1161 suscipiebantur,
1566 1122 1660 1149 cum

80 1176 365 1218 saecularibus
398 1178 602 1219 ministris
637 1178 798 1230 aderat,
822 1184 864 1220 et
897 1179 1171 1220 ecclesiastici
1208 1179 1397 1220 homines
1417 1179 1662 1232 gravissimo

82 1261 187 1289 ausu
209 1247 543 1301 delectabantur,
562 1249 786 1302 exprobrat
806 1250 1038 1301 silentium,
1058 1250 1166 1304 quod
1189 1263 1369 1304 quonam
1393 1249 1512 1292 modo
1534 1251 1664 1303 possit

83 1333 178 1360 cum
200 1319 332 1361 officio
349 1333 423 1361 suo
444 1333 692 1373 componere
714 1321 868 1361 videat.

84 1385 125 1419 R.
144 1395 202 1428 ap.
223 1385 260 1419 S.
283 1385 330 1419 M.
347 1386 397 1420 M.
417 1386 541 1420 XXIX
562 1387 645 1420 Dec.
671 1388 751 1422 1767
770 1387 811 1420 P.
831 1397 889 1420 an.
912 1387 956 1420 X.

82 1493 182 1527 Buzl.
201 1494 308 1527 Rom.

165 1603 237 1647 93.
270 1609 322 1646 In
342 1617 394 1646 ea
413 1618 551 1657 quam
570 1605 738 1645 clerici.
783 1601 912 1643 Clem.
958 1601 1060 1643 XIII
1102 1602 1294 1656 Philippo
1336 1607 1412 1655 epo
1454 1602 1663 1655 Aliphano

83 1673 311 1726 exprobrat
331 1674 440 1728 quod
461 1687 557 1715 cum
578 1673 789 1714 nonnullis
824 1675 1032 1727 episcopis
1053 1674 1237 1715 consiliis
1259 1674 1309 1715 de
1331 1674 1372 1715 S.
1398 1674 1432 1716 I.
1458 1676 1501 1715 in
1522 1674 1665 1715 Sicilia

85 1744 326 1786 calamitate
347 1745 494 1787 adesse
514 1759 597 1786 non
617 1746 775 1786 veritus
797 1746 865 1796 sit,
885 1746 1075 1786 hortatur
1095 1758 1194 1786 suae
1215 1746 1494 1787 conscientiae
1516 1760 1664 1787 consu-

85 1814 145 1855 lat
178 1828 315 1868 neque
350 1815 529 1869 amplius
560 1829 807 1869 quocunque
838 1820 1064 1868 praetextu
1095 1816 1223 1856 etiam
1253 1816 1440 1868 fugiendi
1462 1815 1664 1868 gravioris

85 1884 185 1926 mali
207 1885 259 1926 ad
279 1886 386 1927 tales
407 1891 636 1927 conventus
656 1887 699 1926 in
720 1891 934 1939 posterum
956 1888 1189 1928 conveniat.

87 1949 130 1985 R.
147 1960 204 1993 ap.
226 1950 263 1986 S.
281 1951 330 1986 M.
350 1951 399 1985 M.
419 1951 543 1987 XXIX
564 1951 646 1987 Dee.
669 1954 752 1986 1767
773 1951 811 1986 Ρ.
832 1963 890 1985 an.
912 1952 956 1986 X.

85 2059 188 2093 Ball,
207 2059 312 2094 Rom.

165 2170 236 2213 94.
273 2174 393 2214 Quae
412 2171 480 2211 ίίιί
497 2170 624 2222 faeti.
667 2192 693 2197 —
731 2166 862 2208 Clem.
904 2166 1007 2207 XIII
1048 2166 1317 2208 Emmanueli
1354 2167 1476 2208 Pinto
1516 2181 1663 2219 magno

84 2239 285 2292 magistro
314 2238 545 2291 Hospitalis
580 2237 619 2280 S.
646 2239 760 2279 Ioan.
792 2237 1162 2290 Hierosolymitani
1196 2237 1422 2290 exprobrat
1458 2239 1663 2278 rationem

83 2309 185 2351 facti
206 2310 249 2350 in
270 2309 456 2363 paranda
478 2310 735 2362 profectione
752 2323 805 2350 ex
823 2311 904 2350 ista
924 2309 1061 2350 insula
1078 2309 1179 2350 cler.
1198 2322 1281 2362 reg.
1307 2308 1348 2350 S.
1367 2308 1400 2350 Ι.
1421 2315 1461 2350 et
1478 2310 1519 2349 in
1542 2322 1664 2349 occu-

85 2380 235 2433 pandis
254 2394 398 2422 eorum
422 2380 555 2433 bonis,
578 2385 724 2422 contra
744 2381 951 2421 rationem
973 2393 998 2421 a
1012 2380 1053 2421 S.
1084 2379 1284 2421 Pontifice
1299 2384 1518 2431 statutam,
1536 2380 1664 2420 emol-

84 2451 153 2493 liri
174 2464 218 2493 se
238 2456 379 2493 tamen
400 2465 475 2504 per
496 2452 656 2493 litteras
692 2453 783 2493 eius
816 2453 864 2492 15
886 2450 981 2492 Iun.
1005 2451 1225 2503 significat,
1248 2456 1290 2492 et
1320 2450 1420 2504 quid
1452 2455 1663 2504 praestare

85 2527 278 2564 teneatur
299 2522 500 2564 declarat.

84 2587 126 2622 R.
146 2598 202 2631 ap.
225 2587 261 2622 S.
283 2589 330 2620 M.
349 2588 399 2622 M.
424 2588 509 2624 XIII
524 2587 591 2623 Iul.
615 2591 696 2623 1768
715 2588 755 2622 Ρ.
775 2599 834 2621 an.
854 2589 901 2622 X.

84 2695 184 2729 Ball.
204 2696 308 2730 Rom.
