1989 3252
217 168 294 212 Pii
315 168 368 213 V.
885 196 937 202 ·—
970 173 1049 214 512
1079 197 1133 203 —-
1672 180 1804 224 1568.

217 255 258 297 S.
279 254 314 296 I.
339 255 617 309 professorem
648 271 673 298 a
699 257 805 300 duce
842 258 1184 314 Montispenserii
1217 262 1440 304 invitatum
1471 277 1496 304 a
1531 265 1804 307 concionibus

217 325 458 379 prohibenti
479 326 671 369 obsistat.

217 391 258 425 R.
279 402 336 434 ap.
358 391 393 426 S.
418 392 457 427 Ρ.
480 392 605 428 XXIX
623 394 717 436 Aug.
739 396 835 430 1556.
858 396 899 430 P.
923 407 982 431 an.
1005 398 1029 431 1.

214 502 409 536 Laderchi.
431 503 529 538 Amz.
549 503 632 538 ecel.
653 505 704 538 ad
722 504 758 539 h.
779 516 813 539 α.
833 518 870 540 n.
891 507 944 540 39.

301 611 389 656 15.²
422 611 471 653 A.
518 611 563 653 P.
604 612 653 653 R.
692 612 749 655 M.
789 619 991 656 Inlzmelc'
1011 617 1140 657 nobis
1158 620 1426 671 pastoralis.
1467 642 1492 648 —
1528 617 1627 659 Pius
1662 617 1714 671 V,
1752 619 1807 661 ad

217 696 362 735 preces
383 681 585 724 Guilelmi
608 685 795 738 episcopi
830 684 1138 738 Olomucensis,
1162 688 1465 730 monasterium
1497 691 1589 742 (seu
1620 689 1806 744 domum)

214 755 481 796 conventual.
521 754 569 796 O.
608 754 649 797 S.
687 755 734 796 F.
774 755 1020 798 olomucen.
1054 758 1238 799 civitatis
1277 760 1494 801 ruinosum
1530 766 1574 802 et
1607 761 1806 803 relictum

215 826 404 867 annectit
424 826 521 869 coll.
546 827 793 869 Olomucen.
821 828 862 869 S.
888 827 923 869 I.
947 842 1043 870 cum
1078 830 1202 870 terris
1231 834 1274 871 et
1309 830 1530 885 fructibus,
1553 846 1649 874 cum
1682 847 1807 875 onere

214 896 320 938 illud
341 897 499 938 ordinis
520 897 561 939 S.
586 897 631 940 F.
660 898 860 941 fratribus
882 901 1132 942 restituendi
1154 901 1322 955 quando
1354 903 1398 943 in
1433 903 1505 945 illo
1542 904 1633 946 loco
1669 904 1806 947 denuo

214 968 525 1011 observantiam
546 970 786 1023 regularem
806 971 1059 1014 custodiant.

212 1035 254 1070 R.
274 1046 331 1079 ap.
353 1035 389 1071 S.
408 1036 449 1071 P.
471 1036 576 1072 XXII
595 1038 680 1080 Apr.
703 1039 799 1072 1567.
822 1038 863 1072 P.
885 1049 943 1073 an.
964 1039 1007 1074 ΙΙ.

1213 1150 1334 1184 Fund.
1356 1149 1508 1185 Bohem.
1528 1155 1615 1185 tom.
1636 1155 1667 1187 2.
1687 1153 1750 1196 fol.
1771 1155 1802 1188 5.

299 1261 390 1307 l5.³
422 1261 472 1303 A.
498 1260 542 1303 P.
569 1259 617 1303 R.
639 1260 696 1304 M.
723 1264 794 1305 Ad
815 1267 1092 1319 apostoticae
1112 1266 1356 1320 dignitatis
1376 1273 1569 1321 apicem.
1589 1290 1615 1296 -
1631 1265 1732 1306 Pius
1753 1265 1802 1318 V,

213 1333 485 1387 approbando
515 1333 626 1387 quod
656 1333 892 1375 cardinales
935 1334 1064 1386 legati
1098 1335 1317 1388 apostolici
1359 1336 1672 1379 Avenionenses
1716 1338 1801 1379 iam

213 1405 379 1458 pridem
398 1405 605 1457 fecerunt,
630 1405 815 1458 assignat
836 1406 878 1446 in
899 1412 1152 1459 perpetuum
1187 1408 1432 1460 pensionem
1462 1422 1646 1450 annuam
1674 1422 1803 1451 unam

211 1482 254 1518 et
274 1477 452 1518 alteram
478 1478 555 1518 100
578 1481 792 1518 scutorum
815 1478 857 1518 in
879 1491 981 1518 auro
1003 1478 1054 1518 de
1074 1477 1201 1520 Italia
1221 1479 1274 1520 ab
1291 1481 1406 1520 omni
1426 1493 1552 1521 censu
1570 1486 1613 1521 et
1633 1481 1803 1534 imposi-

211 1549 326 1590 tione
343 1548 520 1590 liberam
535 1562 662 1601 super
678 1548 805 1601 legat.
825 1548 1031 1591 Avenion.
1052 1556 1094 1591 et
1109 1551 1200 1591 eius
1218 1564 1385 1592 mensae
1402 1551 1610 1593 fructibus
1626 1551 1801 1605 collegio

210 1619 253 1662 S.
276 1619 312 1661 I.
336 1620 381 1660 in
401 1620 480 1660 ciV.
507 1620 768 1660 Avenionen.
793 1620 1038 1661 constituto.

211 1687 252 1721 R.
273 1697 331 1729 ap.
353 1686 389 1721 S.
414 1686 452 1720 P.
473 1686 547 1720 kal.
571 1686 659 1720 Maii
678 1688 774 1720 1567.
798 1686 837 1721 P.
857 1698 916 1721 an.
936 1687 980 1721 Il.

1061 1796 1184 1831 Fund.
1198 1808 1261 1841 pr.
1282 1799 1455 1842 Lugdun.
1477 1805 1501 1833 t.
1524 1801 1552 1833 1.
1575 1801 1799 1834 Avenionen.
1875 1834 1877 1836 .

216 1960 217 1963 ,
291 1918 384 1964 25.2
413 1917 465 1959 A.
490 1916 537 1958 P.
561 1915 609 1957 R.
638 1916 694 1958 M.
719 1922 793 1960 Εατ
813 1917 1099 1960 incumbente
1118 1918 1259 1960 nobis.
1284 1940 1310 1946 -
1331 1915 1429 1957 Pius
1453 1916 1485 1957 V
1508 1917 1602 1960 Soc.
1625 1917 1723 1960 Iesu
1757 1924 1800 1961 et

208 1989 303 2032 coll.
329 1989 555 2031 Eborensis
576 1992 785 2030 rectorem
805 1992 849 2029 et
870 1987 1112 2040 collegiales
1147 2001 1348 2040 personas
1379 1989 1529 2030 eximit
1563 1990 1617 2032 ab
1652 2004 1794 2045 onere,

206 2062 369 2116 pridem
391 2061 567 2114 collegio
589 2060 786 2113 imposito
808 2059 950 2101 alendi
975 2060 1023 2100 15
1046 2058 1257 2100 scholares
1278 2073 1353 2113 per
1374 2063 1398 2101 5
1420 2074 1552 2103 annos
1573 2062 1615 2102 in
1647 2062 1673 2103 d
1713 2063 1796 2105 col-

206 2133 314 2187 legio
336 2134 445 2174 sicut
464 2146 517 2174 ex
550 2131 718 2173 decreto
754 2130 855 2172 Iulii
889 2130 971 2172 PP.
1011 2129 1076 2171 III
1111 2131 1154 2171 in
1190 2130 1436 2173 fundatione
1462 2137 1664 2174 statutum
1686 2139 1794 2187 erat,

204 2219 302 2246 cum
323 2218 399 2258 per
419 2203 549 2245 aliam
579 2203 886 2254 fundationem,
908 2201 961 2243 ab
982 2201 1164 2245 Henrico
1186 2201 1228 2243 S.
1252 2202 1301 2244 R.
1328 2202 1377 2244 E.
1403 2203 1540 2256 presb.
1565 2204 1678 2246 card.
1719 2219 1792 2259 pro

203 2278 256 2318 28
275 2275 553 2329 cappellaniis
575 2275 618 2315 in
639 2274 832 2328 cappella
852 2273 892 2316 S.
918 2272 1064 2315 Crucis
1086 2273 1293 2316 ecclesiae
1313 2273 1495 2317 Eboren.
1520 2278 1795 2319 constitutam
1862 2316 1871 2329 ἶ

203 2347 371 2389 abunde
391 2348 604 2401 provisum
625 2346 694 2387 sit.

200 2415 245 2452 R.
265 2426 323 2457 ap.
344 2414 380 2449 S.
401 2413 441 2448 P.
462 2413 531 2448 ΧΗ
548 2414 638 2455 Apr.
661 2415 756 2447 1568.
778 2412 818 2447 P.
839 2423 898 2446 an.
918 2412 980 2448 III.

1398 2523 1522 2558 Fund.
1542 2526 1660 2559 Lusit.
1680 2531 1704 2560 t.
1721 2526 1790 2560 III.

283 2644 373 2691 41³
408 2653 515 2689 Cum
549 2648 610 2693 tu,
643 2646 761 2687 sieut
795 2644 1069 2698 accepimus.
1108 2664 1134 2671 -
1169 2639 1269 2683 Pius
1308 2641 1339 2682 V
1389 2641 1571 2683 Gervino
1617 2641 1797 2685 Calenio‘

200 2717 462 2771 typographo
484 2715 701 2758 Colonien.
726 2713 999 2755 nonnullos...
1025 2717 1160 2755 tomos
1181 2727 1256 2754 seu
1285 2713 1413 2754 libros
1449 2714 1523 2755 dil.
1562 2714 1639 2755 filii
1674 2715 1790 2757 Petri

197 2788 358 2830 Canisii
378 2787 517 2842 presb.
542 2800 617 2828 seu
637 2785 823 2838 religiosi
844 2783 884 2826 S.
909 2784 943 2825 I.
970 2785 1020 2825 de
1043 2784 1234 2825 doctrina
1254 2786 1341 2826 sive
1363 2786 1629 2827 institutione
1658 2786 1789 2827 chris-

197 2861 314 2901 tiana
361 2859 584 2911 inscriptos
634 2870 719 2898 una
767 2869 864 2897 cum
898 2856 1023 2897 certis
1058 2855 1453 2898 annotationibus...
1490 2870 1566 2897 sua
1599 2857 1790 2911 impensa

198 2931 383 2983 imprimi
406 2930 544 2970 facere
566 2927 839 2978 desideranti,
861 2939 914 2967 ne
930 2939 985 2967 ex
1001 2926 1205 2968 beneficio
1223 2926 1418 2968 omnibus
1432 2925 1787 2970 Christifidelibus

198 3000 349 3042 collato
372 3001 675 3042 detrimentum
697 2997 868 3052 aliquod
903 2997 1072 3050 sentiat,
1096 3002 1232 3039 tomos
1265 2997 1411 3050 praed.
1437 2998 1709 3052 imprimendi
1745 3004 1788 3042 et
