1989 3252
546 503 954 576 URBANI
1002 503 1221 577 VIII.

83 760 249 795 Urbanus
267 761 363 803 VIII,
394 761 640 802 Florentinus,
672 761 877 803 Maphaeus
908 761 1144 802 Barberinus,
1172 762 1297 797 Presb.
1319 764 1423 797 Card.
1445 763 1498 798 tit.
1520 765 1555 798 S.
1574 764 1668 799 Onu·

168 815 276 858 phrii,
291 821 434 850 creatus
451 816 498 851 VI
511 818 593 859 Aug
612 843 619 856 ‚
632 820 824 850 coronatus
840 816 964 850 XXIX
980 816 1080 859 Sept.
1098 820 1193 857 1623,
1209 817 1298 851 obiit
1312 818 1361 853 IV
1376 818 1449 854 kal.
1463 821 1558 863 Aug.
1574 823 1670 854 1644.

81 868 274 904 Societatis
296 869 486 912 theologos
516 870 624 910 misit,
643 881 739 904 anno
765 872 860 910 1625,
882 870 922 904 P.
942 871 1125 905 Andream
1154 872 1364 906 Eudaemon
1388 873 1562 908 Ioannem
1590 885 1672 907 cum

167 923 359 958 Francisco
377 924 480 958 Card.
501 924 701 958 Barberino
718 924 755 958 in
777 924 945 965 Galliam,
964 935 1060 959 anno
1081 927 1164 960 1635
1183 925 1222 958 P.
1243 926 1479 961 Valentinum
1506 928 1670 972 Mangio-

166 978 268 1012 nium
285 989 367 1012 cum
384 978 516 1012 Martio
535 978 641 1013 Card.
663 979 810 1012 Ginetto
832 979 869 1012 in
897 979 1143 1016 Germaniam,
1175 984 1210 1014 et
1239 980 1279 1014 P.
1302 980 1515 1016 Silvestrum
1546 982 1670 1017 Petra-

166 1036 291 1067 sancta
310 1043 392 1066 cum
411 1033 519 1067 Petro
537 1033 676 1068 Aloisio
695 1034 842 1068 Carrafa
860 1033 1031 1076 episcopo
1050 1034 1258 1068 Tricarensi
1278 1035 1314 1068 in
1340 1036 1507 1078 Belgium
1526 1037 1667 1080 legatis.

166 1087 238 1121 ΡΡ.
263 1087 439 1121 Didacum
457 1087 614 1128 Siccam,
635 1087 808 1122 Ioannem
828 1087 956 1126 Rom,
977 1089 1226 1131 Apollinarem
1260 1090 1425 1123 Almeida
1453 1090 1490 1124 in
1520 1092 1667 1126 Aethio-

168 1142 264 1184 piam
285 1141 415 1175 direxit
433 1143 636 1185 episcopos,
657 1142 884 1185 patriarchas
902 1143 1016 1176 alium
1034 1148 1114 1186 post
1131 1143 1243 1177 alium
1263 1155 1508 1179 successuros.

80 1195 156 1230 Sibi
180 1206 202 1230 a
235 1197 348 1230 sacris
376 1197 666 1231 confessionibus
695 1197 736 1231 P.
770 1197 1032 1240 Hieronymum
1072 1197 1356 1241 Floravanfium,
1384 1210 1404 1231 a
1433 1200 1670 1234 concionibus

167 1251 208 1284 P.
228 1251 406 1284 Aloisium
423 1251 619 1285 Albritium
637 1262 716 1285 esse
734 1251 858 1286 voluit.
881 1252 920 1284 P.
944 1251 1176 1285 Valentinum
1204 1252 1455 1295 Mangionium
1483 1253 1519 1289 S.
1539 1255 1670 1289 Poeni-

168 1305 360 1340 tentiariae
374 1306 598 1349 theologum,
613 1306 654 1340 P.
667 1306 889 1348 Torquatum
904 1307 946 1339 de
959 1307 1093 1348 Cuppis
1105 1307 1355 1350 episcoporum
1371 1309 1670 1354 examinatorem,

170 1360 210 1393 P.
231 1359 440 1394 Terentium
471 1362 651 1396 Alciatum
671 1360 706 1395 S.
729 1361 801 1394 Rit.
822 1362 1125 1403 Congregationis
1155 1363 1399 1396 consultorem
1427 1375 1469 1396 ac
1496 1364 1671 1398 historiae

168 1414 314 1448 cuncilii
333 1415 536 1449 Tridentini
556 1416 768 1458 scriptorem
787 1417 988 1450 constituit.
1006 1417 1046 1450 P.
1065 1416 1279 1451 Silvestrum
1300 1417 1547 1459 Petrasancta,
1563 1419 1669 1453 Brevi

167 1472 187 1503 9
206 1469 289 1503 maii
310 1471 406 1510 1643,
427 1470 727 1513 Congregationis
744 1471 872 1504 Matris
892 1471 954 1504 Dei
976 1482 1037 1504 seu
1053 1471 1260 1505 scholarum
1275 1472 1417 1514 piarum
1431 1473 1669 1515 apostolieum

168 1525 391 1560 visitatorem
419 1525 629 1560 nominavit.
649 1526 722 1560 ΡΡ.
745 1526 965 1560 Frontonem
994 1526 1179 1560 Ducaeum
1207 1527 1435 1568 antiquitatis
1465 1529 1670 1571 cognitione

166 1587 199 1614 et
219 1580 388 1614 Carolum
406 1580 636 1615 Scribanium
661 1592 703 1615 ac
730 1582 902 1616 Ioannem
934 1581 1183 1616 Tollenarium
1212 1583 1318 1616 rebus
1346 1583 1457 1626 gestis
1486 1594 1601 1626 aeque
1629 1595 1671 1618 ac

164 1635 309 1678 scriptis
332 1636 493 1670 celebres
507 1637 719 1670 muneribus
749 1636 952 1678 litterisque
982 1637 1142 1671 donavit.
1172 1636 1212 1671 P.
1244 1637 1448 1672 Dionisium
1478 1638 1668 1672 Petavium

166 1701 235 1724 non
267 1691 380 1725 semel
407 1691 563 1725 Romam
592 1691 769 1732 invitavit,
789 1691 885 1726 inter
914 1691 937 1725 S
982 1691 1026 1725 R.
1049 1691 1088 1724 E.
1109 1691 1321 1725 Cardinales
1340 1693 1541 1734 relaturus3
1561 1704 1668 1736 quem

169 1745 341 1779 honorem
360 1745 495 1788 insigni
513 1746 609 1788 apud
629 1745 829 1780 Germanos
848 1746 1018 1788 theologo
1036 1747 1076 1780 P.
1097 1747 1204 1780 Petro
1223 1746 1406 1781 Pazmano
1426 1750 1466 1782 19
1485 1759 1564 1782 nov,
1587 1751 1671 1783 1629

166 1800 308 1834 detulit.
327 1801 526 1844 Excerptas
544 1812 562 1833 a
581 1802 623 1835 Ρ.
638 1801 773 1836 Ioanne
791 1802 835 1834 de
853 1802 954 1844 Lugo
974 1812 1017 1834 ex
1035 1802 1241 1844 Augustino
1258 1803 1431 1843 Iansenfi,
1449 1804 1533 1836 dum
1551 1803 1670 1838 adhuc

167 1855 447 1898 imprimeretur.
468 1855 707 1890 heterodoxas
725 1866 806 1889 cum
823 1867 887 1889 sua
907 1866 1088 1897 quamque
1107 1867 1260 1890 censura
1276 1857 1541 1900 propositiones
1567 1869 1669 1892 acce-

167 1909 231 1952 pit,
249 1909 455 1951 librumque
474 1910 573 1943 bulla
589 1910 635 1944 In
659 1913 837 1943 eminenti
866 1909 1050 1943 damnavit
1067 1922 1076 1953 ;
1096 1910 1259 1944 eiusdem
1287 1911 1433 1946 Ioannis
1459 1917 1595 1946 tomum
1626 1913 1669 1946 de

166 1964 306 1997 iustitia
324 1968 358 1998 et
372 1964 450 1998 iure
467 1964 535 1997 sibi
550 1964 756 1998 dedicatum
772 1976 852 1998 cum
873 1965 1020 2007 legeret,
1037 1965 1355 2007 congregationem
1375 1966 1667 2001 doctissimorum

167 2018 354 2052 hominum
371 2030 478 2062 super
496 2019 679 2053 Ecclesiae
698 2018 896 2053 redditibus
927 2019 1020 2052 iuste
1050 2019 1307 2053 distribuendis
1336 2021 1543 2059 instituens,
1574 2033 1666 2055 sum-

166 2085 263 2107 mum
281 2074 360 2108 aevi
377 2073 433 2108 sui
462 2074 685 2117 theologum,
715 2075 861 2116 qualem
888 2085 970 2108 eum
1002 2074 1225 2117 appellabat,
1255 2075 1435 2117 imprimis
1464 2076 1663 2110 advocavit.

163 2131 268 2163 Anno
285 2128 480 2164 Societatis
498 2129 692 2171 saeculari,
712 2130 844 2163 nostris
862 2129 1127 2171 amplissimum
1144 2129 1344 2164 iubilaeum
1363 2132 1554 2165 concessit.

743 2285 985 2292 -——-————

160 2436 199 2478 l.
231 2432 282 2476 A.
325 2433 371 2475 Ρ.
409 2431 460 2475 R.
498 2429 556 2475 M.
581 2438 766 2477 Ratiom‘
785 2435 1013 2490 conyruit.
1036 2458 1062 2464 —
1098 2428 1258 2476 Urban.
1302 2432 1406 2475 VIII
1445 2432 1657 2488 Ignatium

78 2502 294 2557 Loyolam‚
318 2518 442 2558 quem
462 2504 582 2546 Paul.
607 2503 658 2556 V,
681 2504 872 2545 Clemens
892 2503 994 2545 VIII
1015 2509 1058 2545 et
1084 2505 1208 2557 Greg.
1246 2503 1323 2545 XV
1360 2505 1546 2558 catalogo
1582 2505 1652 2547 SS.

78 2575 412 2625 adscribendum,
435 2575 673 2629 petentibus
695 2575 955 2628 principibus
977 2580 1019 2616 et
1046 2575 1345 2628 cardinalibus,
1368 2577 1655 2628 cogitaverant

77 2659 150 2687 seu
171 2645 457 2698 decreverant,
479 2647 523 2687 in
543 2645 611 2688 SS.
636 2660 857 2687 numerum
878 2646 1057 2687 relatum
1078 2646 1280 2688 decernit.

82 2711 129 2746 R.
146 2722 203 2755 ap.
224 2712 259 2747 S.
281 2712 322 2746 Ρ.
342 2712 424 2748 VIII
441 2713 489 2746 id.
508 2714 602 2755 Aug.
623 2715 707 2747 1623
725 2712 767 2746 P.
787 2723 845 2747 an.
866 2712 893 2747 Ι.

73 2819 169 2854 Νου.
189 2820 276 2854 hall.
294 2792 328 2854 S.
348 2820 378 2854 I.
399 2823 473 2855 142.

157 2934 199 2978 2.
231 2932 283 2974 A.
309 2931 357 2974 P.
379 2931 429 2974 R.
453 2931 512 2974 M.
537 2939 722 2977 Ratiom’
738 2937 964 2991 conyruit.
988 2957 1014 2963 —
1048 2932 1210 2976 Urban.
1241 2933 1345 2975 VIII
1378 2933 1652 2978 Franciscum

77 3002 320 3055 Xaverium‚
355 3017 509 3046 novum
546 3002 762 3046 Indiarum
796 3004 1050 3058 apostolum,
1091 3004 1144 3046 ob
1178 3005 1360 3059 insignes
1395 3006 1569 3048 virtutes
1603 3020 1653 3049 ac
