1989 3252
504 523 1082 596 CLEMENTIS
1129 524 1262 596 XI.

86 769 253 802 Clemens
273 768 335 806 XI.
356 767 526 809 Urbinas,
544 768 697 803 Ioannes
728 768 944 802 Francis-cus
974 769 1149 807 Albanus,
1171 770 1277 804 Card.
1310 769 1364 804 tit.
1386 770 1422 804 S.
1455 770 1621 804 Silvestri
1641 771 1678 804 in

172 823 304 866 capite,
316 828 457 858 creatus
476 823 596 858 XXIII
613 823 715 862 Now,
732 828 924 858 coronatus
940 824 1021 860 VIII
1035 824 1115 858 Dec.
1138 827 1231 865 1700,
1247 825 1337 858 obiit
1351 825 1435 860 XIX
1455 825 1559 860 Mart.
1579 827 1674 861 1721.

85 878 137 912 De
153 877 379 920 accipiendo,
395 877 457 920 qui
475 878 544 911 sibi
562 878 704 912 delatus
722 879 854 918 fuerat,
872 878 1082 922 pontificatu
1097 879 1316 920 deliberans,
1329 880 1425 914 inter
1436 880 1528 914 alios
1541 879 1677 914 theolo-

177 943 242 975 gos
267 933 309 967 P.
331 933 502 967 loannem
527 933 570 966 de
597 933 720 967 Alfaro
738 933 946 975 consuluit.;
967 934 1200 968 renunciatus
1228 934 1408 975 Pontifex,
1428 934 1555 969 accitis
1579 935 1623 968 ad
1641 947 1679 970 se

175 987 250 1021 ΡΡ.
271 986 492 1030 Hieronymo
519 987 664 1026 Savino,
684 988 812 1023 Ioanni
842 989 983 1022 Luc-aro
1008 994 1042 1022 et
1068 988 1195 1023 Ioanni
1226 989 1423 1023 Laurentio
1453 989 1678 1024 Lucchesino

146 1050 149 1053 ·
176 1041 359 1084 magistris
389 1041 464 1076 suis
491 1042 632 1086 gratias
655 1042 782 1076 habuit
811 1046 847 1076 et
877 1043 1066 1078 honorem.
1085 1043 1223 1077 Fratris
1242 1043 1299 1078 sui
1326 1043 1440 1078 filium
1458 1045 1680 1079 Annibalem

176 1095 359 1130 Albanum
390 1095 505 1130 voluit.
522 1096 556 1130 in
588 1107 735 1130 romano
754 1096 906 1138 collegio
936 1097 1190 1140 philosophiae
1219 1108 1261 1131 ac
1278 1097 1486 1140 theologiae
1503 1098 1679 1132 doctorali

174 1150 302 1184 laurea
319 1149 462 1194 publice
481 1150 662 1193 insigniri.
684 1150 757 1185 ΡΡ.
777 1151 931 1185 Paulum
953 1151 1103 1194 Segneri
1121 1152 1312 1192 iuniorem,
1332 1152 1530 1186 Antonium
1558 1152 1677 1187 Baldi-

175 1205 342 1239 nuceium
361 1205 572 1247 similesque
587 1205 644 1239 his
663 1205 855 1239 Societatis
874 1206 1102 1248 evangelicos
1122 1206 1319 1247 ministros,
1335 1206 1426 1241 alios
1443 1207 1515 1241 alio
1529 1206 1676 1249 legavit,

174 1269 374 1301 eorumque
391 1260 490 1295 obitu
509 1271 621 1304 grave
640 1260 826 1295 Ecclesiae
845 1261 974 1295 vulnus
995 1261 1173 1295 inflictum
1191 1262 1421 1303 querebatur.

85 1316 191 1349 Anno
212 1317 292 1350 1702
310 1315 351 1349 P.
368 1315 541 1350 Ioannem
562 1316 796 1349 Laurentium
816 1316 1096 1357 Lucchesinum,
1115 1321 1151 1352 et
1166 1327 1261 1352 anno
1280 1319 1364 1352 1716
1382 1317 1424 1352 Ρ.
1444 1317 1617 1351 loannem
1634 1317 1678 1350 de

174 1368 282 1404 Ulloa
299 1379 372 1404 sac.
393 1370 526 1405 rituum
546 1371 841 1414 congregationis
860 1372 1098 1409 consultores.
1113 1377 1221 1414 atque
1232 1383 1327 1406 anno
1343 1375 1428 1407 1705
1445 1373 1484 1407 P.
1504 1372 1676 1407 Ioannem

174 1423 376 1467 Baptistam
409 1425 514 1460 Conti
554 1425 838 1460 ordinandorum
880 1426 1167 1460 examinatorem
1207 1427 1403 1470 deputavit.
1439 1429 1544 1462 Anno
1580 1428 1675 1465 1701,

173 1478 363 1514 Societatis
382 1480 656 1515 mathematicos
681 1481 754 1515 ΡΡ.
777 1481 973 1515 Antonium
998 1481 1250 1524 Baldigianum
1278 1486 1312 1516 et
1337 1482 1468 1517 Franc.
1489 1481 1678 1515 Eschinar·

174 1533 257 1567 dum
276 1535 549 1578 congregationi
577 1546 685 1578 super
707 1535 918 1569 kalendario
947 1536 1174 1579 gregoriano.
1195 1537 1289 1578 quod
1319 1536 1465 1577 quidam
1490 1536 1679 1571 reformari

173 1589 419 1631 postulabant,
439 1589 553 1624 voluit
572 1590 711 1624 adesse.
732 1592 837 1624 Anno
858 1593 952 1629 1711,
973 1591 1245 1633 congregationi
1264 1591 1505 1625 reformandis
1526 1591 1562 1626 S.
1586 1591 1674 1624 Poe-

174 1642 405 1678 nitentiariae
424 1644 660 1679 facultatibus
679 1644 910 1687 peculiariter
931 1645 1133 1688 praefectae
1151 1645 1341 1689 adscripsit
1364 1646 1401 1678 P.
1421 1645 1613 1688 Iosephum
1633 1646 1677 1679 de

175 1698 313 1741 Alfam,
333 1699 574 1741 eumdemque
599 1700 692 1734 inter
709 1705 870 1734 caeteros
889 1700 1080 1744 theologos
1097 1700 1234 1734 audivit
1258 1711 1367 1742 quum
1388 1699 1523 1734 bullam
1555 1701 1680 1742 Uniye—

176 1756 278 1786 nitus
295 1754 458 1788 editurus
477 1759 582 1794 esset,
602 1754 705 1788 cuius
730 1755 852 1788 bullae
870 1755 1118 1788 defensionem
1138 1766 1158 1789 a
1177 1755 1217 1789 P.
1237 1755 1367 1790 Iacobo
1385 1755 1427 1788 de
1446 1755 1481 1789 la
1498 1754 1678 1788 Fontaine

176 1812 379 1850 susceptam
423 1819 638 1852 magnopere
678 1809 851 1843 laudavit.
887 1811 991 1844 Anno
1026 1812 1107 1845 1707
1148 1810 1187 1843 P.
1220 1809 1392 1845 Ioannem
1429 1809 1677 1843 Ptolemaeum

175 1874 203 1895 s.
235 1862 369 1897 rituum
404 1864 698 1907 congregationis
732 1864 1014 1904 consultoribus
1049 1869 1083 1898 et
1115 1875 1211 1898 anno
1247 1867 1330 1899 1709
1371 1863 1681 1899 examinatoribus

175 1916 427 1960 episcoporum
456 1918 646 1953 adiunxit:
666 1918 829 1952 eiusdem
857 1921 911 1957 (18
942 1918 1028 1951 Maii
1058 1919 1153 1960 1712)
1180 1929 1222 1952 ac
1249 1918 1289 1952 P.
1310 1918 1434 1953 Alvari
1462 1918 1680 1962 Cienfuegos

175 1972 229 2011 (30
247 1972 345 2014 Sept.
366 1973 463 2013 1720)
479 1972 659 2011 insignem
692 1973 893 2006 doctrinam
911 1972 1049 2007 censuit
1070 1984 1195 2007 sacrae
1214 1984 1396 2016 purpurae
1424 1973 1561 2007 honore
1579 1972 1680 2007 deco-

178 2027 340 2060 randam.
361 2027 464 2061 Anno
484 2029 580 2067 1709,
600 2027 773 2061 Annibali
792 2028 945 2067 Albano,
959 2029 1001 2061 ad
1020 2029 1208 2062 Caesarem
1227 2028 1389 2070 aliosque
1408 2038 1510 2070 reges
1525 2038 1567 2061 ac
1580 2026 1677 2070 prin-

177 2081 274 2123 cipes
302 2081 433 2115 Nuntio
462 2082 673 2124 apostolico,
700 2082 741 2116 Ρ.
768 2083 939 2117 Ioannem
968 2083 1157 2115 Salernum
1191 2083 1359 2116 comitem
1389 2082 1551 2123 addidit3
1577 2082 1679 2115 cuius

176 2146 322 2177 operam
354 2136 389 2169 in
417 2137 650 2170 conversione
682 2136 857 2171 Friderioi
882 2137 1050 2180 Augusti,
1070 2137 1275 2172 electoralis
1293 2137 1466 2180 principis
1485 2136 1677 2179 Saxoniae,

174 2190 217 2222 ad
248 2190 354 2223 fidem
381 2191 597 2224 catholicam
628 2191 663 2224 in
694 2192 854 2234 epistolis
882 2192 925 2224 ad
957 2192 1070 2235 ipsum
1107 2191 1299 2226 Salernum
1332 2196 1367 2225 et
1399 2193 1442 2225 ad
1482 2191 1679 2234 principem

175 2246 229 2283 (14
256 2245 332 2279 Ian.
366 2245 461 2287 1713)
478 2249 512 2279 et
540 2245 576 2278 in
603 2246 823 2279 allocutione
851 2246 1091 2280 consistoriali
1121 2248 1172 2285 (11
1204 2247 1282 2279 Oct.
1315 2248 1411 2283 1717.
1442 2249 1479 2282 15
1511 2247 1614 2279 Mart.
1644 2250 1679 2281 et

176 2301 217 2332 29
236 2300 324 2332 Nov.
344 2300 440 2342 1719)
457 2300 649 2343 plurimum
668 2301 796 2335 extulit
816 2307 848 2334 et
867 2310 974 2335 sacra
991 2312 1147 2344 purpura
1165 2301 1391 2343 praemiavit.

776 2464 1018 2472 ——-—-

178 2628 219 2672 1.
251 2625 301 2667 In
317 2640 456 2679 congr.
476 2640 569 2680 gen.
590 2627 630 2668 S.
650 2627 700 2668 R.
720 2635 762 2668 et
778 2627 830 2669 U.
852 2627 923 2670 I...
943 2641 1084 2670 coram
1100 2627 1462 2670 Clemente'XI...
1483 2627 1523 2670 S.
1544 2627 1594 2669 D.
1613 2626 1668 2668 N.

94 2695 209 2750 Papa
228 2698 434 2738 concessit
453 2697 501 2739 P.
524 2697 745 2739 Francisco
776 2698 1055 2740 Bracconnier
1076 2698 1118 2741 S.
1141 2698 1177 2740 I.
1201 2700 1405 2753 superiori
1426 2699 1669 2740 missionum

93 2767 137 2808 in
156 2767 331 2810 Graecia
350 2768 571 2810 facultates
592 2770 729 2822 (iuxta
748 2770 969 2811 formulam
999 2776 1189 2824 quartam
1211 2771 1456 2824 impressam
1479 2770 1554 2811 cfr.
1574 2769 1666 2811 Inn.

94 2836 176 2879 XII
192 2852 235 2880 n.
253 2840 323 2886 52)
339 2838 391 2879 ad
408 2839 741 2894 quinquennium
759 2866 784 2871 -
799 2839 921 2882 Card.
941 2839 1234 2883 Marescottus.
1253 2841 1336 2883 Ios.
1355 2841 1550 2883 Bartolus
1569 2839 1667 2882 Not.

93 2902 132 2936 F.
154 2906 173 2937 5
189 2903 247 2938 die
267 2907 304 2938 17
322 2905 428 2939 Mart.
450 2907 547 2941 1701.

1289 3037 1377 3079 1229.
1402 3038 1489 3071 ῑηιιι.
1516 3037 1596 3071 VII.
1616 3040 1669 3073 71.
