1989 3252
40 197 42 199 ·
82 185 223 229 Pauli
242 184 294 227 V.
748 204 802 209 —
830 179 906 220 271
938 201 992 208 —
1528 173 1653 217 1615.

83 270 256 320 riorum,
277 282 331 309 ex
351 267 501 322 quibus
520 266 774 307 frumentum
794 270 867 305 aut
887 263 1057 305 ordeum
1078 262 1131 304 ad
1151 262 1334 303 valorem
1353 262 1406 301 23
1434 259 1527 300 duc.
1562 259 1655 300 auri

85 340 349 395 proveniunt.

84 406 130 443 R.
147 417 206 449 ap.
226 406 260 440 S.
279 405 328 440 M.
347 405 397 439 M.
417 404 500 439 VIII
516 404 564 437 id.
585 403 692 438 Mart.
712 403 854 451 1615XP.
874 412 931 435 an.
953 400 1014 435 XI.

1226 540 1314 583 Rey.
1336 540 1424 573 bule.
1445 538 1509 572 IV.
1528 541 1603 574 252.
1623 539 1658 574 b.

169 689 268 733 162.
301 686 449 739 Congr.
468 685 508 728 S.
527 684 578 725 R.
597 689 639 726 et
656 684 767 725 uniV.
780 682 1071 737 Inquisitionis
1089 681 1298 735 generalis
1314 694 1454 722 coram
1475 680 1605 721 Paulo
1626 678 1662 719 V

88 762 131 801 et
161 757 343 799 Roberto
378 756 651 808 Bellarmino,
688 755 869 796 Antonio
904 754 1080 807 Zapata,
1116 752 1240 795 Ferd.
1273 752 1480 802 Taberna,
1503 751 1661 793 Ioanne

88 830 251 882 Gamla,
272 828 394 870 Fabr.
420 826 602 877 Verallo,
625 827 730 879 Aug.
753 825 991 867 Galaminio
1012 823 1162 866 Cardd.
1199 824 1357 878 Inquis.
1398 837 1537 876 gener.
1562 836 1587 864 a
1620 821 1661 864 S.

89 900 194 943 Sede
214 899 452 954 specialiter
471 898 699 952 deputatis.
721 922 776 927 —
795 896 865 939 SS.
899 897 1120 949 concessit,
1155 895 1266 937 lecto
1301 894 1381 936 ΡΡ.
1408 894 1662 937 Iesuitarum

88 973 132 1014 in
152 985 277 1026 regno
300 972 522 1024 Syriarum,
544 970 664 1023 vulgo
699 973 744 1013 la
767 974 907 1013 China
944 968 1292 1009 commorantium
1332 966 1579 1016 memoriali,
1618 970 1663 1006 ut

90 1042 326 1085 sacerdotes
345 1043 387 1082 in
408 1041 687 1082 celebratione
704 1041 855 1081 missae
872 1040 1030 1092 possint
1047 1038 1203 1079 habere
1220 1043 1347 1091 caput
1369 1044 1659 1078 contectum...

91 1128 174 1156 non
191 1114 304 1168 pileo
325 1113 535 1155 communi
556 1111 628 1153 sed
648 1111 731 1152 alio
753 1112 919 1164 proprio
941 1116 983 1151 et
1005 1111 1094 1151 eius
1116 1110 1266 1151 coloris
1288 1110 1406 1150 cuius
1427 1114 1524 1149 sunt
1545 1122 1663 1162 para-

90 1192 233 1228 menta
247 1189 428 1234 caetera,
447 1183 577 1224 donec
592 1183 716 1224 aliter
736 1196 817 1223 non
835 1182 959 1223 fuerit
977 1181 1234 1222 declaratum
1252 1205 1305 1211 —
1322 1181 1422 1221 item
1440 1186 1485 1221 ut
1503 1182 1665 1233 possint

91 1257 316 1299 transferre
337 1269 455 1297 sacra
475 1255 607 1296 biblia
622 1255 664 1295 in
682 1255 865 1307 linguam
884 1255 1091 1305 Synarum
1108 1266 1191 1294 non
1208 1257 1347 1293 tamen
1364 1251 1574 1305 vulgarem
1592 1251 1666 1293 sed

91 1328 299 1370 eruditam
319 1332 361 1369 et
380 1327 657 1368 litteratorum
688 1326 912 1379 propriam,
936 1330 978 1365 et
1012 1326 1055 1365 in
1088 1324 1237 1365 eadem
1271 1323 1414 1377 lingua
1449 1324 1608 1376 possint
1641 1336 1666 1364 a

93 1399 216 1454 Synis
237 1399 441 1440 celebrari
463 1397 604 1439 divina
622 1397 759 1438 officia
788 1398 1010 1437 missarum
1045 1402 1086 1437 et
1120 1396 1315 1437 horarum
1351 1396 1663 1447 canonicarum,

93 1475 136 1513 et
169 1476 432 1512 sacramenta
467 1470 708 1510 ministrari.
744 1468 788 1509 Si
823 1481 1007 1522 unquam
1042 1468 1244 1520 contingit
1279 1467 1322 1507 in
1357 1466 1440 1507 illis
1475 1465 1663 1520 partibus

92 1543 292 1585 constitui
313 1543 571 1595 episcopum,
595 1554 647 1582 ex
668 1541 745 1581 hac
766 1540 1037 1593 permissione
1057 1553 1138 1580 non
1160 1544 1378 1580 censeatur
1399 1538 1661 1592 praeiudica-

94 1619 184 1656 tum
206 1612 479 1654 iurisdictioni
499 1612 727 1666 episcopali
750 1614 819 1665 (1).

94 1681 175 1715 Fer.
199 1680 239 1721 V,
259 1679 383 1715 XXVI
400 1680 508 1714 Mart.
532 1681 626 1714 1615.

1301 1809 1387 1855 Rey.
1407 1808 1494 1843 buil.
1514 1808 1577 1844 IV.
1593 1811 1668 1844 280.

177 1957 274 2002 163.
288 1955 337 1996 A.
353 1953 398 1995 P.
413 1953 462 1995 R.
482 1953 540 1995 M.
561 1961 612 1998 In
631 1957 989 2010 supereminenti
995 1991 1001 1997 .
1021 1953 1162 1994 —Paul
1176 1952 1210 1993 V
1226 1952 1279 1993 ad
1296 1966 1439 2006 preces
1457 1951 1666 1993 Theodori

96 2025 293 2080 Episcopi
326 2025 633 2066 Paderbornen.
667 2025 857 2067 concedit
893 2031 937 2066 ut
967 2025 1186 2077 collegium
1216 2023 1260 2065 S.
1294 2023 1327 2065 Ι.
1360 2024 1403 2064 in
1433 2023 1473 2064 d.
1496 2024 1667 2065 civitate

96 2097 405 2139 Paderbornen.
442 2101 539 2138 ante
568 2099 620 2138 20
655 2111 787 2138 annos
815 2106 1001 2138 erectum
1037 2102 1078 2137 et
1122 2094 1346 2136 florescens
1391 2094 1578 2136 elevetur
1624 2099 1667 2136 et

97 2167 376 2223 amplificetur
394 2169 438 2209 in
457 2168 641 2209 studium
661 2168 852 2222 generale
874 2172 919 2208 ut
949 2168 1083 2209 clerus
1113 2166 1314 2207 dioecesis
1336 2171 1434 2219 apte
1469 2166 1662 2206 institua-

94 2245 165 2282 tur
184 2244 227 2281 et
245 2240 352 2281 hanc
385 2240 700 2281 universitatem
734 2239 966 2290 studio-rum
1001 2239 1135 2280 solitis
1170 2237 1394 2291 privilegiis
1427 2242 1469 2278 et
1497 2237 1660 2278 iuribus

98 2310 239 2353 donat.

97 2377 140 2412 R.
158 2388 216 2421 ap.
237 2377 273 2413 S.
293 2378 341 2413 M.
362 2377 410 2411 M.
430 2377 463 2412 Π
479 2379 565 2421 Apr.
586 2380 671 2413 1615
689 2379 728 2413 Ρ.
749 2389 806 2412 an.
828 2377 910 2413 XII.

853 2506 976 2542 Fund.
990 2518 1053 2551 pr.
1073 2506 1194 2542 Rheni
1210 2509 1319 2546 infer.
1338 2512 1362 2540 t.
1380 2506 1426 2541 II
1437 2505 1667 2541 Paderborn.

178 2642 276 2687 164.
319 2648 440 2685 Rom.
465 2643 594 2685 Sedis
615 2645 825 2684 Antistes.
858 2663 884 2669 -
923 2638 1043 2680 Pauli
1079 2636 1113 2678 V
1149 2637 1411 2679 confirmatio
1442 2637 1598 2679 decreti
1622 2636 1666 2679 S.

171 2784 215 2825 (l)
239 2783 344 2817 Paul.
362 2781 407 2826 V,
426 2782 631 2826 petentibus
650 2781 890 2816 missionariis
909 2781 943 2815 S.
962 2780 990 2816 Ι.
1018 2780 1194 2814 concessit
1221 2779 1434 2813 facultatem
1451 2778 1599 2812 missam
1628 2782 1663 2812 et

99 2836 219 2871 divina
235 2837 353 2871 officia
367 2835 481 2871 sinica
497 2837 622 2880 lingua
640 2836 860 2870 celebrandi.
880 2834 988 2869 Teste
1010 2836 1094 2868 Ben.
1115 2833 1213 2872 XIV,
1233 2834 1278 2868 de
1306 2844 1401 2867 sacr.
1434 2836 1569 2867 missae
1588 2832 1612 2866 1.
1630 2835 1664 2872 2,

99 2903 130 2928 c.
149 2895 181 2933 2,
200 2903 237 2927 n.
258 2895 311 2930 13,
330 2892 399 2926 fuit
415 2893 528 2926 Breve
555 2891 773 2934 expeditum,
794 2901 979 2932 nunquam
1008 2893 1129 2925 tamen
1161 2888 1401 2923 missionariis
1429 2888 1608 2922 traditum
1625 2905 1668 2912 -

70 2970 80 2992 x
101 2945 249 2987 Bartoli,
271 2946 390 2981 China
406 2947 449 2987 V,
470 2958 505 2990 p.
522 2949 587 2981 260
602 2945 740 2980 indicat
756 2945 941 2981 decretum
958 2945 994 2979 S.
1013 2943 1151 2987 Inquis.
1172 2946 1214 2979 16
1230 2943 1308 2986 (sic)
1325 2943 1433 2979 Mart.
1455 2945 1540 2977 1615
1563 2942 1668 2976 litur-

99 3000 197 3044 giam
214 3001 366 3036 sinicam
383 3000 629 3045 approbantis.
