1989 3252
73 225 236 268 Innoc.
256 222 317 266 X.
736 239 791 248 -
820 219 899 258 363
929 241 982 246 -
1518 214 1648 259 1654.

72 309 235 350 vicinae
258 305 311 348 ad
331 306 533 348 fabricam
554 305 829 355 necessariae,
851 303 904 344 ad
921 317 1068 345 census
1090 316 1251 344 annuos
1267 299 1523 343 redimibiles
1541 313 1653 341 sum-

75 392 187 421 mam
208 380 314 419 2660
335 392 392 419 sc.

74 444 119 479 R.
137 454 194 487 ap.
216 442 251 477 S.
271 443 320 477 M.
339 443 388 476 M.
408 441 526 476 XVIII
543 441 622 475 Iun.
644 443 726 475 1654
749 440 784 473 Ρ.
804 450 862 473 an.
882 439 930 474 X.

1278 547 1367 589 κερ.
1386 545 1477 579 bun.
1503 545 1561 580 VJ.
1583 545 1655 578 124.

156 662 232 706 50.
264 667 447 715 Expone·
465 661 594 702 nobis
613 673 772 714 nuper.
796 682 822 687 —
850 656 995 698 Innoc.
1028 656 1082 709 X,
1110 660 1279 709 petente
1308 658 1414 696 rect.
1436 653 1529 695 coll.
1555 652 1595 695 S.
1619 651 1655 694 I.

75 744 171 784 opp.
195 731 275 772 civ,
300 730 496 771 Valettae
517 742 641 770 nunc.
666 728 908 769 Melevitan.
933 727 1087 778 dioec,
1111 726 1284 767 mandat
1311 726 1505 778 episcopo
1526 723 1657 764 Mele-

76 802 206 843 vitan.
232 815 305 842 seu
325 800 621 842 archidiacono
642 800 742 841 eccl.
768 798 1010 840 Melevitan.
1035 802 1081 838 ut
1101 798 1141 838 d.
1167 797 1265 838 coll.
1297 794 1499 837 concedat
1527 795 1656 835 licen-

74 873 177 914 tiam
196 872 404 914 vendendi
424 872 592 912 tertiam
615 876 776 924 partem
797 871 903 911 situs
923 870 1156 920 domorum,
1179 881 1284 921 quas
1304 881 1378 921 pro
1400 865 1578 906 indiviso
1613 865 1654 906 d.

75 943 169 985 coll.
194 947 237 985 et
257 943 482 984 conventui
503 942 553 983 fr.
580 942 683 983 Min.
707 941 757 983 de
779 941 941 983 observ.
966 945 1007 981 et
1027 940 1249 981 conventui
1276 939 1327 980 fr.
1351 928 1454 979 Min.
1479 949 1658 978 conven-

74 1013 252 1055 tualium
297 1013 526 1067 reliquerat
578 1013 860 1064 Hieronymus
909 1012 1028 1064 Sans,
1079 1011 1122 1051 in
1171 1010 1426 1063 emptionem
1481 1007 1659 1049 aliorum

75 1084 306 1126 stabilium.

73 1150 119 1185 R.
138 1161 197 1194 ap.
219 1150 254 1185 S.
274 1150 323 1185 M.
343 1150 392 1185 M.
414 1150 500 1186 XIII
520 1151 597 1183 Oct.
616 1152 700 1185 1654
719 1150 760 1184 P.
780 1160 838 1183 an.
858 1148 920 1184 XI.

1223 1254 1312 1297 Κεφ.
1331 1253 1421 1288 bull.
1450 1253 1508 1287 VI.
1530 1255 1603 1288 125.
1625 1253 1659 1286 b.

157 1370 225 1413 51.
236 1366 278 1409 S.
293 1366 443 1420 Congr.
458 1365 584 1407 Conc.
606 1391 631 1397 -
643 1367 870 1407 Decretum
888 1379 971 1420 quo
988 1363 1248 1418 significatur
1263 1363 1462 1415 archiepo
1480 1360 1657 1402 Mechli-

77 1440 190 1481 nien.
214 1452 266 1480 ne
287 1439 428 1492 exigat
449 1439 729 1479 iuramentum
755 1451 880 1491 super
910 1435 1267 1491 propositionibus
1296 1434 1349 1475 ab
1380 1448 1429 1475 eo
1460 1432 1661 1474 exhibitis

81 1519 124 1551 ut
146 1510 388 1552 confessarii
409 1523 479 1550 eas
501 1509 722 1550 observent
742 1511 784 1549 et
805 1508 958 1557 iurent,
981 1505 1054 1547 sed
1074 1505 1278 1547 concedat
1298 1505 1458 1547 idoneis
1478 1504 1656 1545 faculta-

78 1586 162 1623 tem
180 1581 378 1622 audiendi
396 1580 677 1622 confessiones
695 1591 965 1632 personarum
987 1577 1282 1618 saecularium.
1294 1576 1468 1617 Interim
1489 1574 1662 1616 eaedem

77 1653 383 1706 propositiones
414 1650 774 1705 qualificabuntur
804 1650 846 1689 in
877 1648 917 1690 S.
952 1646 1032 1689 Off.
1065 1647 1410 1701 Congregatione,
1442 1652 1485 1688 et
1519 1649 1664 1687 secuta

79 1722 393 1778 qualificatione
415 1721 721 1764 certiorabitur.

80 1791 119 1822 14
137 1789 226 1823 Nov.
248 1790 343 1823 1654.

1402 1891 1553 1926 Elench.
1574 1891 1663 1924 bull.
