1989 3252
117 196 254 251 areg.
279 195 416 239 xm.
788 219 842 224 -
871 194 950 235 517
980 218 1034 225 -
1565 197 1692 241 1578.

199 280 287 326 61.2
321 288 428 325 Cum
448 286 562 324 sicut
583 288 856 336 accepimus.
889 305 915 312 -
949 280 1070 334 Greg‚
1107 280 1211 322 XIII
1247 281 1581 324 confraternitati
1616 283 1694 324 sub

118 353 254 393 invoc.
278 351 325 392 B.
363 351 420 393 M.
459 351 510 393 V.
549 352 591 392 in
627 351 748 393 domo
783 353 996 394 convictus
1032 353 1111 394 civ.
1155 353 1376 406 Pragensis
1411 359 1591 404 erectae,
1628 355 1694 396 die

117 424 368 476 receptionis
388 428 431 463 et
450 423 623 475 singulis
644 424 765 463 annis
795 423 836 464 in
872 423 979 465 festo
1014 424 1297 478 conceptionis
1334 424 1379 466 B.
1404 424 1460 466 M.
1487 425 1537 467 V.
1561 425 1697 466 indul-

117 495 303 547 gentiam
322 493 556 546 plenariam
578 494 768 548 aliasque
790 494 998 536 concedit.

119 559 160 594 R.
180 570 237 603 ap.
259 559 294 594 S.
315 560 355 594 P.
376 560 444 594 XV
464 559 542 594 Oct.
566 562 650 594 1575
668 559 708 595 P.
725 569 784 594 an.
809 560 866 595 [V.

128 668 181 703 W.
204 668 425 702 Czerwinka
443 670 487 702 de
510 668 713 711 Wieznow‚
732 667 819 703 hist.
840 669 922 702 coll.
944 668 1060 712 Pray.
1081 670 1130 702 ad
1147 669 1181 703 S.
1202 669 1335 705 Barth.
1359 672 1454 710 1674,
1469 682 1507 714 p.
1526 674 1602 706 216.

200 776 294 822 64?
324 781 454 821 Redit
474 780 535 820 acl
554 780 690 822 nobil.
714 784 856 822 cuam.
882 803 906 808 —
936 778 1058 832 Greg.
1088 778 1193 820 XIII
1228 780 1400 823 Alberto
1436 781 1530 826 duci
1565 782 1698 824 Bava-

118 848 205 889 riae
226 847 408 889 reditum
429 847 523 900 filii,
546 847 650 889 duos
671 849 938 902 episcopatus
955 849 1199 903 obtinentis,
1218 853 1386 893 nuntiat
1401 851 1535 907 deque
1551 851 1697 895 Toleto

119 919 190 971 qui
211 918 369 960 nullam
389 918 651 971 gubernandi
672 919 840 960 Ernesti
862 933 1006 961 curam
1024 920 1103 962 sibi
1123 922 1346 964 vindicavit
1365 937 1486 964 suum
1508 925 1695 966 testimo-

117 991 234 1031 nium
254 989 443 1043 praebet.

119 1055 162 1091 R.
183 1067 240 1099 ap.
261 1055 297 1091 S.
318 1056 359 1091 P.
379 1055 536 1091 XXVIII
556 1056 640 1092 Dec,
661 1059 746 1092 1575
764 1057 804 1092 P.
824 1068 882 1092 an.
902 1057 964 1093 IV.

122 1162 293 1204 Theium,
312 1175 402 1198 ann.
422 1164 504 1198 eccl.
525 1167 574 1197 ad
591 1164 628 1199 h.
648 1175 682 1199 a.
702 1177 739 1199 η.
758 1168 813 1201 66.

203 1272 288 1317 71.2
320 1275 444 1316 Nihil
464 1279 528 1316 esc
549 1275 683 1329 quod.
708 1297 732 1303 -
753 1272 875 1327 Greg.
899 1272 1003 1314 XIII
1026 1273 1148 1316 Petro
1169 1279 1247 1328 epo
1270 1275 1492 1318 Mexicano
1512 1277 1698 1330 gratula-

119 1348 188 1384 tur
208 1343 259 1385 de
281 1343 378 1384 fidei
400 1343 693 1397 propagandae
715 1350 885 1398 conatu,
909 1344 1189 1398 indulgentias
1210 1346 1303 1388 aliis
1320 1346 1471 1388 litteris
1488 1348 1695 1401 concedit,

123 1415 323 1469 reliquias
344 1415 490 1466 mittit,
511 1429 593 1456 non
614 1414 781 1457 dubitat
801 1429 950 1469 magno
969 1417 1046 1470 ipsi
1063 1417 1304 1459 adiumento
1321 1418 1506 1460 futuram
1528 1433 1698 1473 operam

123 1487 386 1538 iesuitarum,
409 1499 587 1540 quorum
608 1487 825 1540 experitur
843 1491 933 1528 tum
954 1487 1129 1540 Romae,
1152 1494 1241 1529 tum
1262 1489 1357 1530 aliis
1377 1491 1419 1530 in
1450 1489 1550 1531 locis
1579 1504 1699 1544 prae-

123 1557 335 1598 stantiam.

121 1621 165 1656 R.
185 1632 242 1665 ap.
262 1621 297 1656 S.
321 1622 359 1656 P.
379 1621 498 1656 XXIV
520 1623 626 1658 Mart.
649 1624 733 1658 1576
753 1623 791 1657 P.
811 1633 869 1657 an.
890 1623 950 1658 IV.

123 1732 290 1774 Tnemer,
310 1744 400 1767 arm.
420 1733 502 1766 eccl.
522 1732 572 1766 ad
591 1733 626 1767 h.
648 1744 683 1767 a.
702 1744 740 1767 π.
766 1735 837 1768 117.

202 1851 291 1896 71.3
321 1859 507 1908 Semper
527 1855 805 1896 amavimus.
835 1877 860 1882 —
894 1852 1001 1907 Greg
1052 1853 1158 1894 XIII
1193 1852 1337 1895 abbati
1372 1868 1483 1896 mon.
1522 1854 1698 1896 Fulden.

122 1922 170 1964 O.
195 1922 235 1964 S.
262 1922 308 1965 B.
332 1923 567 1975 gratulatur
587 1923 637 1965 de
658 1923 769 1965 facto
791 1924 1003 1978 praeclaro
1024 1926 1066 1965 in
1088 1926 1332 1967 iesuitarum
1365 1925 1538 1979 collegio
1568 1932 1610 1967 et
1641 1931 1702 1967 tot

123 1995 405 2036 convictorum
427 1995 659 2037 Seminario
681 1997 988 2038 constituendo.

124 2060 165 2095 R.
185 2071 242 2104 ap.
264 2060 299 2095 S.
321 2061 361 2095 P.
381 2061 484 2096 XVII
502 2061 588 2097 Maii
610 2065 693 2097 1576
711 2063 751 2097 P.
771 2073 830 2097 an.
849 2063 910 2098 IV.

127 2169 295 2209 leeiner,
314 2180 403 2204 ann.
424 2170 505 2204 eccl.
524 2171 573 2203 ad
591 2174 627 2205 h.
647 2182 681 2205 α.
701 2183 738 2206 n.
758 2174 811 2206 36.

206 2290 325 2333 106.ε
356 2296 544 2345 Semper
564 2294 883 2334 [adnavimus.
909 2315 934 2320 -
955 2289 1077 2344 Greg.
1102 2290 1207 2332 XIII
1237 2291 1364 2333 Petro
1395 2290 1700 2333 Maronitarum

125 2359 389 2412 patriarchae
410 2361 543 2402 electo
564 2361 802 2414 gratulatur
822 2361 931 2415 quod
968 2361 1180 2403 Ecclesiae
1207 2362 1420 2404 Romanae
1456 2363 1581 2404 fidem
1618 2377 1705 2404 am—

126 2430 274 2483 plexus
294 2430 438 2484 fuerit,
463 2445 643 2486 eumque
664 2446 738 2485 per
759 2431 836 2474 Th.
861 2432 1035 2485 Regium
1058 2440 1100 2474 et
1118 2434 1377 2486 Baptismam
1398 2433 1595 2475 Elianum
1616 2447 1700 2475 sac,

126 2501 167 2543 S.
192 2501 227 2543 Ι.
250 2515 354 2555 quos
376 2504 502 2543 mittit
523 2503 648 2545 solari
669 2504 801 2557 cupit,
825 2518 875 2544 ex
898 2503 1048 2557 quibus
1070 2518 1177 2558 quae
1206 2504 1259 2545 ad
1290 2503 1387 2545 fidei
1418 2506 1701 2546 sinceritatem

126 2572 338 2625 pertinent
359 2578 592 2625 cognoscet.

126 2636 168 2672 R.
188 2647 246 2680 ap.
266 2637 302 2672 S.
323 2638 364 2673 P.
384 2638 471 2673 XIX
490 2639 595 2674 Febr.
619 2641 700 2674 1578
720 2639 759 2673 Ρ.
780 2650 839 2674 an.
861 2640 919 2674 VI.

131 2745 301 2786 Themer,
319 2757 410 2780 arm.
429 2749 510 2780 eccl.
529 2747 579 2781 ad
596 2750 631 2781 h.
652 2758 686 2782 a.
705 2759 744 2782 n.
763 2750 816 2782 93.

209 2862 329 2909 113.>2
358 2870 606 2921 Nunquam
626 2869 716 2921 fuit
736 2869 881 2909 nobis.
904 2890 930 2896 -
949 2865 1071 2919 Greg.
1095 2865 1200 2906 XIII
1221 2865 1433 2907 Gulielmo
1463 2865 1597 2907 Iuliae
1619 2864 1710 2907 Cle-

129 2935 222 2976 viae
252 2934 364 2987 duci,
387 2935 610 2989 respondet
630 2950 755 2990 super
776 2938 939 2990 negotio
964 2937 1014 2978 de
1035 2936 1300 2979 concedenda
1330 2937 1447 2979 laicis
1476 2939 1706 2979 communi·

131 3005 296 3047 catione
317 3006 395 3047 sub
416 3010 593 3060 utraque
630 3008 785 3059 specie,
823 3007 995 3049 absente
1016 3007 1173 3049 Nuntio
1208 3008 1368 3061 Porti-a,
1392 3009 1503 3049 mitti
1538 3007 1708 3049 Petrum
