1989 3252
280 206 420 249 Pauli
442 206 495 249 V.
953 230 1007 235 —-
1035 206 1115 247 278
1145 231 1200 237 -—
1738 210 1861 254 1617.

275 291 314 332 d.
340 292 524 332 civitatis
556 292 835 333 universalem
856 292 1081 335 haeredem
1116 294 1197 335 sibi
1219 296 1419 348 instituit,
1443 296 1564 336 cuius
1600 308 1750 337 census
1770 297 1862 339 loco

275 376 405 417 quum
426 363 544 404 mille
578 362 751 405 ducatos
772 377 856 405 non
889 363 1107 417 haberent,
1131 365 1362 407 confratres
1399 379 1570 407 censum
1605 380 1791 409 annuum
1822 373 1864 409 et

275 438 527 486 perpetuum
562 436 614 475 90
649 434 743 476 duc.
768 435 1057 487 instituerunt,
1083 436 1256 477 mandat
1289 437 1605 491 archiepiscopo
1633 438 1863 480 Cusentino

272 510 320 547 ut
340 505 381 548 d.
406 519 577 547 censum
598 520 786 548 annuum
810 512 933 548 sanet
953 512 996 549 et
1021 507 1159 561 quoad
1188 509 1348 550 fructus
1381 509 1579 551 decursos
1609 515 1858 565 exequatur.

275 572 317 607 R.
337 583 394 616 ap.
416 572 452 606 S.
472 572 522 607 M.
544 572 592 608 M.
614 584 697 608 non.
720 572 807 607 Nov.
831 576 914 608 1616
934 573 973 607 P.
993 585 1053 608 an.
1075 575 1153 610 XII.

1481 685 1572 729 Rey.
1592 685 1680 719 bula.
1701 685 1726 718 I
1733 685 1769 719 V.
1789 687 1865 720 273.

358 793 461 838 190.
495 797 568 835 Ex
586 796 790 836 iniuncto
810 794 956 835 nobis.
993 816 1019 821 -
1053 791 1174 834 Paul.
1213 791 1265 845 V,
1289 793 1432 834 citatis
1466 792 1618 835 litteris
1651 793 1773 836 Pauli
1808 794 1866 848 II,

278 870 387 908 Cum
407 872 455 907 m
475 867 686 907 omnibus
705 866 907 915 iudiciis,
933 865 1054 916 1465,
1079 863 1114 905 V
1150 864 1207 906 id.
1241 863 1360 917 Maii,
1384 865 1515 918 priori
1552 866 1784 908 saecularis
1821 872 1867 908 et

274 934 521 987 collegiatae
537 934 640 976 eccl.
660 933 804 988 oppidi
821 934 872 976 de
889 935 1060 976 Alcanis
1077 933 1455 989 Caesaraugustan.
1475 936 1607 978 dioec.
1628 942 1670 979 et
1691 937 1862 979 officiali

274 1004 664 1060 Caesaraugustano
686 1006 858 1048 mandat
874 1011 919 1047 ut
935 1006 1185 1048 confirment
1200 1007 1466 1049 concordiam
1487 1008 1598 1049 inter
1619 1010 1799 1062 priorem
1821 1015 1863 1050 et

271 1079 504 1132 capitulum
524 1079 727 1120 ecclesiae
748 1078 788 1120 S.
813 1077 1034 1132 Sepulchri
1054 1079 1196 1132 oppidi
1218 1079 1441 1120 Calataiud
1463 1079 1714 1122 Tirasonen.
1740 1080 1863 1123 dioec.

271 1155 315 1192 et
347 1155 555 1192 rectorem
591 1164 639 1192 ac
669 1150 936 1204 presbyteros
970 1150 1136 1204 collegii
1170 1150 1210 1192 S.
1245 1150 1280 1193 Ι.
1304 1150 1492 1193 eiusdem
1530 1151 1674 1205 oppidi
1714 1153 1864 1193 initam

271 1236 398 1276 super
417 1222 590 1276 praedio
612 1221 841 1264 Calfonada
874 1223 996 1277 vulgo
1031 1236 1156 1264 nunc.
1182 1223 1303 1264 iuxta
1323 1222 1567 1265 molendina
1603 1222 1653 1264 de
1679 1222 1859 1266 Cascazo

271 1293 325 1336 ab
346 1294 528 1336 Isabella
551 1294 602 1336 de
622 1294 664 1336 la
684 1294 921 1336 Gavalleria
942 1295 1117 1336 muliere
1141 1295 1535 1349 Caesaraugustana
1554 1294 1719 1336 relicto.

271 1361 314 1396 R.
333 1371 390 1404 ap.
412 1361 448 1395 S.
468 1361 518 1396 M.
538 1361 588 1396 M.
608 1372 694 1395 non.
714 1361 804 1396 Nov.
827 1364 911 1397 1616
931 1362 972 1397 P.
993 1373 1053 1396 an.
1073 1361 1155 1397 XII.

1435 1471 1521 1514 Κεφ
1542 1471 1630 1505 bun.
1650 1472 1716 1506 JV.
1735 1470 1863 1507 2621218.

351 1583 445 1628 191.
481 1588 553 1626 Ex
566 1583 822 1638 pastoralis
842 1583 1003 1636 offici-2.
1025 1605 1052 1611 -
1071 1578 1249 1633 Paul.V‚
1272 1581 1514 1634 petentibus
1535 1580 1660 1623 Laur.
1685 1581 1735 1623 de
1759 1583 1866 1624 Pau-

269 1651 322 1694 lis
351 1666 516 1706 procur.
539 1665 634 1706 gen.
658 1651 699 1694 S.
731 1651 767 1693 Ι.
792 1652 961 1693 nomine
995 1651 1090 1693 coll.
1117 1650 1333 1705 Neapolit.
1372 1651 1413 1693 S.
1450 1651 1486 1694 I.
1511 1657 1554 1693 et
1589 1651 1772 1705 Ugolino
1812 1652 1864 1694 de

268 1724 585 1766 Perbenedictis
620 1724 822 1765 canonico
842 1723 948 1765 eccl.
972 1722 1014 1765 S.
1038 1723 1188 1776 Angeli
1223 1724 1268 1764 in
1289 1723 1379 1765 foro
1407 1724 1586 1777 piscium
1608 1724 1659 1765 de
1681 1723 1796 1766 Urbe
1818 1729 1862 1766 et

269 1802 431 1837 rectore
448 1796 537 1837 sine
553 1809 655 1836 cura
671 1794 887 1849 cappellae
903 1793 943 1836 S.
965 1794 1167 1836 Demetrii
1187 1794 1226 1835 N
1229 1796 1476 1849 eapolitan.,
1495 1796 1651 1837 vicario
1672 1796 1859 1849 generali

267 1868 576 1921 archiepiscopi
592 1867 631 1909 N
633 1867 861 1920 eapolitan.
882 1867 1110 1908 committit
1124 1872 1172 1908 ut
1188 1867 1407 1908 confirmet
1423 1867 1691 1909 concordiam
1709 1868 1857 1909 initam

269 1954 395 1994 super
414 1940 625 1982 laudemio
646 1940 793 1981 domus
814 1939 1034 1981 cuiusdam
1056 1939 1096 1982 d.
1121 1939 1295 1994 collegio
1315 1940 1358 1994 in
1379 1939 1522 1993 platea
1542 1938 1653 1981 della
1672 1939 1862 1993 Iayenna

269 2026 395 2054 nunc.
419 2013 727 2066 incorporatae.

265 2079 311 2115 R.
330 2090 389 2123 ap.
408 2079 443 2114 S.
463 2080 513 2115 M.
532 2079 582 2114 M.
604 2079 651 2115 111
667 2079 853 2115 kat-Maii
876 2082 960 2116 1617
978 2079 1019 2116 P.
1040 2091 1099 2115 an.
1121 2079 1202 2116 XII.

1474 2188 1563 2234 Κεφ.
1582 2188 1672 2225 hall.
1691 2190 1716 2223 I
1722 2189 1760 2224 V.
1781 2191 1858 2227 298.

348 2314 447 2359 192.
471 2311 522 2354 A.
541 2311 589 2353 P.
609 2310 658 2353 R.
678 2307 737 2353 M.
758 2317 811 2354 ln
831 2316 1206 2367 supereminenti.
1225 2335 1252 2342 -
1267 2310 1385 2353 Paul.
1407 2309 1458 2365 V,
1477 2314 1647 2365 petente
1670 2309 1856 2353 Matthia

267 2397 372 2426 rom.
396 2398 493 2438 rege
514 2385 557 2425 in
578 2385 875 2438 imperatorem
905 2383 1054 2436 electo,
1078 2382 1300 2425 confirmat
1329 2387 1487 2425 statuta
1508 2383 1622 2425 edita
1642 2396 1716 2437 pro
1738 2395 1855 2436 pres-

265 2456 426 2509 byteris
447 2456 488 2498 S.
512 2455 546 2496 Ι.
572 2456 615 2496 in
637 2455 912 2497 universitate
934 2454 1164 2497 Viennensi
1186 2455 1495 2510 philosophiam
1516 2455 1703 2497 lecturis.

264 2522 308 2558 R.
327 2533 385 2566 ap.
406 2522 442 2557 S.
464 2522 513 2559 M.
533 2522 583 2557 M.
603 2521 732 2557 XXIX
749 2522 836 2565 Apr.
860 2524 941 2556 1617
961 2521 1001 2557 P.
1020 2532 1068 2556 an
1086 2523 1167 2558 XII.

266 2643 371 2678 Ball.
391 2643 501 2677 Rom.

347 2766 445 2809 193.
483 2765 702 2820 Emposez't
719 2765 935 2807 debitum.
958 2787 984 2793 -
1006 2760 1126 2805 Paul.
1162 2761 1213 2815 V,
1246 2762 1485 2816 petentibus
1515 2766 1678 2805 rectore
1709 2767 1751 2805 et
1769 2762 1854 2805 col-

263 2833 486 2888 legialibus
512 2833 607 2876 coll.
641 2833 681 2876 S.
717 2833 751 2875 I.
786 2833 1082 2887 Perpinianen.
1116 2833 1267 2876 Elnen.
1308 2834 1462 2888 dioec„
1500 2833 1666 2876 officiali
1699 2833 1851 2877 Elnen.

264 2905 440 2949 mandat
467 2910 514 2947 ut
544 2905 584 2948 d.
610 2905 786 2963 collegio
808 2919 833 2947 a
865 2905 1061 2960 Philippo
1091 2905 1393 2960 Hispaniarum
1423 2919 1519 2960 rege
1548 2907 1591 2947 in
1619 2905 1854 2948 confinibus

263 2978 469 3020 Franciae
490 2982 627 3020 erecto
645 2978 766 3019 uniat
781 2977 1051 3020 medietatem
1070 2977 1275 3021 bonorum
1292 2993 1317 3020 a
1332 2978 1487 3020 Iacobo
1503 2978 1742 3032 Senygmia‚
1755 2991 1852 3020 con-

262 3050 421 3092 siliario
441 3050 564 3102 regis,
584 3049 835 3091 haeredibus
851 3063 902 3091 ea
918 3049 1158 3093 conditione
1172 3051 1416 3093 relictorum
1432 3054 1480 3092 ut
1499 3049 1697 3103 syndicus
1717 3050 1852 3093 maior
