1989 3252
253 125 416 170 Innoc.
442 125 554 168 XII.
934 148 988 155 ——-
1016 127 1098 167 422
1127 150 1182 156 —
1568 161 1575 171 .
1714 129 1844 174 1697.

335 215 407 257 42.
442 211 493 252 A.
535 210 579 253 P.
615 211 664 253 R.
698 211 757 253 M.
785 219 892 257 Cum
914 220 1030 257 sicut
1051 223 1327 271 accepinms.
1352 239 1378 244 —
1397 213 1542 256 Innoc.
1568 213 1651 256 XII
1685 215 1849 257 confra-
1881 266 1884 269 .

251 283 442 324 ternitati
477 283 698 337 utriusque
733 297 874 336 sexus,
897 283 1132 326 devotionis
1168 285 1336 326 Domini
1373 284 1445 327 SS.
1469 285 1506 327 Ι.
1544 283 1619 328 Oh.
1644 287 1687 327 in
1723 300 1848 328 cruce

253 353 494 395 moribundi
529 367 578 395 ac
608 353 657 396 B.
683 353 735 395 V.
759 353 819 396 M.
852 356 944 396 eius
973 357 1189 410 genitricis
1219 356 1437 398 dolorosae
1467 356 1763 399 denominatae
1792 358 1847 400 ad

251 422 358 466 bene
378 424 643 466 moriendum
664 426 707 466 in
724 426 907 467 oratorio
923 425 996 467 SS.
1022 426 1164 479 Apost.
1179 425 1221 468 S.
1241 425 1275 468 Ι.
1291 425 1594 469 Colchestrien.
1610 426 1843 470 Londinen.

251 494 386 537 dioec.
410 497 454 537 in
476 496 629 549 Anglia
649 496 845 538 concedit
865 497 1025 551 indulg.
1046 497 1156 551 plen.
1177 499 1221 539 in
1243 512 1327 539 una
1347 511 1401 539 ex
1416 499 1548 541 sextis
1568 498 1687 541 feriis
1703 499 1845 541 cuius-

249 567 354 610 libet
374 568 664 611 hebdomadae
698 575 741 611 et
759 570 1013 623 expositioni
1035 569 1133 612 SSffl¹
1154 572 1407 612 sacramenti
1445 571 1488 612 in
1509 570 1626 612 feriis
1647 569 1706 612 VI
1727 585 1846 625 prae-

249 639 441 682 sentibus
470 646 513 682 et
543 640 809 694 disciplinam
840 641 1095 683 facientibus
1115 642 1139 682 7
1161 656 1292 683 annos
1329 648 1372 684 et
1405 641 1607 696 quadrag.
1635 641 1841 697 Perpetuo

250 711 459 753 valituris.

248 777 290 812 R.
311 789 368 821 ap.
392 777 427 812 S.
449 779 498 812 M.
519 778 568 813 M.
589 779 676 814 XVI
695 779 798 814 Febr.
822 782 906 814 1697
926 780 966 814 P.
986 791 1047 815 an.
1067 780 1127 815 VI.

1383 892 1526 935 Oriyz'n.
1547 894 1589 925 in
1606 891 1841 935 Stonyhurst.

327 1002 400 1047 43.
434 1001 486 1042 Α.
524 999 571 1043 P.
610 1000 660 1042 R.
699 1000 757 1042 M.
785 1007 893 1044 Cum
913 1007 1030 1044 sicut
1051 1008 1328 1057 accepimus.
1351 1024 1377 1031 -
1399 1003 1552 1045 Simili
1569 1002 1744 1056 forma,
1767 1013 1842 1055 pro

246 1074 429 1115 oratorio
450 1071 491 1115 S.
517 1071 705 1115 Thomae
726 1072 769 1115 S.
792 1071 826 1115 Ι.
852 1070 1058 1114 Ciestren.
1082 1073 1126 1113 in
1147 1072 1316 1125 Anglia.

247 1140 287 1175 R.
308 1151 365 1183 ap.
387 1140 422 1176 S.
446 1140 494 1174 M.
516 1140 564 1174 M.
586 1139 673 1174 XVI
692 1140 799 1174 Febr.
824 1140 906 1175 1697
923 1139 964 1174 P.
984 1150 1043 1173 an.
1065 1139 1126 1175 VI.

1379 1248 1507 1292 Oriym
1515 1275 1523 1284 .
1543 1252 1582 1282 in
1601 1249 1841 1293 Stonyhurst,

328 1363 401 1405 44.
434 1358 619 1401 Nomina
648 1357 902 1412 templorum
925 1357 965 1400 S.
999 1357 1034 1400 I.
1054 1359 1098 1398 in
1118 1355 1286 1411 Anglia,
1305 1359 1349 1399 in
1370 1357 1524 1412 quibus
1554 1358 1607 1399 ab
1639 1358 1732 1401 Inn.
1757 1357 1840 1400 XII

244 1444 442 1473 concessa
461 1431 543 1472 fuit
563 1430 827 1484 indulgentia
848 1430 983 1472 bonae
1004 1430 1152 1472 mortis
1173 1443 1283 1472 anno
1308 1430 1429 1472 1697.

217 1521 246 1548 S.
265 1520 386 1552 Ignatii
477 1520 617 1548 Londini
746 1520 776 1546 d.
790 1519 970 1547 Londinen.
1048 1520 1077 1547 S.
1095 1519 1244 1547 ceaddae
1350 1519 1565 1547 Lichtseldiae
1589 1519 1618 1546 d.
1634 1518 1859 1547 Lichtreldien.

217 1565 246 1592 S.
264 1564 409 1592 Eduardi
473 1565 713 1591 westmonast.
756 1575 770 1587 κ
871 1575 886 1586 ⁹-
1051 1565 1078 1591 S.
1099 1563 1229 1596 Georgii
1352 1563 1546 1596 Wigorniae
1604 1575 1618 1585 v·
1636 1563 1842 1596 Wigornien.

217 1610 245 1637 S.
265 1609 437 1637 Michaelis
474 1608 612 1636 Eboraci
757 1619 772 1632 n
792 1607 973 1635 Eboracen.
1046 1609 1078 1635 B.
1100 1608 1256 1636 stanislai
1349 1608 1525 1635 Bristoliae
1604 1619 1619 1631 ’ν
1641 1607 1827 1636 Bristolien.

217 1653 267 1680 SS.
286 1653 397 1686 Apost.
471 1653 695 1681 Colcnestriae
757 1664 771 1676 n
790 1653 971 1680 Londinen.
1050 1654 1077 1680 S.
1100 1653 1318 1680 Wenefredae
1356 1653 1389 1679 in
1406 1654 1433 1680 S.
1447 1653 1575 1680 Wener.
1606 1664 1621 1675 n
1639 1652 1807 1685 Asaphen.

217 1697 245 1724 S.
264 1697 396 1724 xaverii
473 1697 654 1724 Monumeti
758 1708 773 1720 n
792 1696 983 1724 Landaffen.
1052 1696 1081 1723 S.
1102 1695 1225 1724 Mariae
1356 1697 1470 1725 oxonii
1608 1708 1623 1720 n
1642 1695 1798 1724 oxonien.

215 1743 248 1768 B.
268 1741 396 1774 Aloysii
473 1741 688 1769 Lancastriae
758 1753 771 1763 -v
790 1741 946 1770 cestrien.
1051 1742 1079 1768 S.
1099 1741 1236 1768 Ioannis
1255 1743 1307 1768 Ev.
1351 1741 1524 1769 Neocastri
1609 1752 1624 1765 ‚³
1643 1739 1865 1768 Dunielmien.

216 1786 311 1813 Imm.
326 1787 421 1814 conc.
475 1786 615 1814 nai-biae
759 1798 772 1809 κ
791 1785 1018 1814 Lichtfeldien.
1051 1787 1078 1813 S.
1098 1786 1243 1814 Gulberti
1348 1786 1543 1814 Dunelmiae
1603 1797 1618 1809 n

217 1831 245 1858 S.
266 1830 416 1862 Hugonis
471 1830 678 1858 Lincolniae-
758 1842 773 1853 η
792 1828 993 1858 Lincolnien.
1051 1831 1080 1858 S.
1100 1829 1241 1858 Ursulae
1349 1829 1479 1858 Barvici

217 1875 245 1902 S.
265 1873 412 1901 'rhomae
474 1874 650 1902 Cicestriae
759 1886 775 1899 n
794 1873 984 1902 Cicesti'ien.

1450 1941 1541 1986 Rey.
1561 1940 1651 1976 bun.
1679 1940 1760 1975 VII.
1779 1943 1835 1976 48.

324 2053 399 2096 45.
430 2049 580 2104 Congr.
619 2065 683 2105 ep.
715 2055 758 2093 et
791 2064 877 2104 reg.
902 2075 928 2081 —
949 2049 1173 2093 Decretum
1212 2051 1255 2092 in
1288 2064 1418 2092 causa
1452 2050 1682 2093 Saxarensi
1717 2050 1760 2093 S.
1797 2050 1834 2093 Ι.

242 2127 389 2165 contra
422 2122 607 2164 Felicem
645 2122 824 2164 Onidam
865 2122 1026 2164 sacerd.
1066 2121 1251 2164 coadiut.
1291 2121 1545 2164 dimissum:
1571 2136 1655 2164 non
1691 2121 1836 2164 deberi

242 2194 569 2249 praestationem
591 2190 900 2235 alimentarem.

241 2264 282 2296 21
300 2261 410 2296 Mart.
431 2262 527 2296 1697.

1576 2322 1726 2372 Ειεηεῆ.
1747 2337 1834 2370 buza.

325 2450 399 2493 46.
432 2446 475 2489 S.
499 2446 648 2500 Congr.
674 2447 725 2489 de
746 2460 917 2501 propag.
943 2446 1040 2489 fide.
1064 2470 1090 2477 -
1111 2446 1338 2488 Decretum
1360 2461 1368 2487 ε
1392 2459 1501 2487 nova
1521 2446 1565 2487 in
1582 2445 1834 2498 Aethiopiae

242 2520 382 2573 regnis
403 2519 601 2560 missione
619 2518 701 2561 ΡΡ.
726 2517 1066 2560 Reformatorum
1089 2516 1130 2560 S.
1155 2516 1306 2559 Franc.
1332 2530 1466 2571 nuper
1487 2517 1698 2569 instituta,
1721 2520 1833 2569 post-

243 2589 414 2631 modum
434 2589 481 2631 P.
510 2588 669 2631 Verzau
699 2588 742 2631 S.
766 2588 801 2630 I.
826 2588 880 2630 ad
901 2587 1062 2630 Urbem
1090 2589 1294 2642 pervenit,
1320 2588 1520 2629 nuntians
1542 2587 1593 2629 de
1614 2600 1688 2640 spe
1708 2585 1834 2640 profi-

243 2661 382 2703 ciendi
402 2662 448 2702 in
469 2660 618 2702 iisdem
654 2660 940 2711 missionibus,
963 2664 1005 2702 et
1038 2659 1261 2702 facultates
1295 2667 1444 2713 petens
1466 2658 1546 2700 sibi
1568 2663 1610 2700 et
1630 2662 1654 2700 5
1676 2658 1801 2699 sociis
1821 2673 1830 2710 ;

243 2746 367 2787 quem
389 2731 429 2774 S.
455 2730 731 2785 Congregatio
758 2732 1071 2772 missionarium
1093 2735 1229 2785 apost.
1253 2731 1441 2773 declarat
1468 2730 1521 2771 ad
1543 2730 1829 2784 septennium.

244 2830 297 2834 —
318 2803 440 2846 Card.
466 2805 516 2845 de
537 2804 725 2856 Alteriis‚
749 2803 882 2858 praef.
906 2803 999 2845 Car.
1028 2804 1076 2845 A.
1100 2803 1319 2845 Fabronus
1339 2816 1445 2844 secr.

242 2874 284 2905 24
304 2872 410 2906 Mart.
432 2873 527 2906 1697.

1458 2979 1543 3021 Rey.
1563 2978 1649 3011 bull.
1681 2977 1758 3012 VII.
1777 2980 1831 3012 53.
