1989 3252
308 179 447 222 Pauli
468 178 518 221 V.
976 204 1027 210 —
1059 181 1139 221 262
1168 206 1222 210 —
1763 185 1886 229 1612.

384 267 477 310 127.
512 265 675 307 Petitur
704 265 967 308 confirmatio
998 268 1242 310 concordiae
1273 270 1382 310 inter
1413 269 1508 311 Nic.
1533 269 1706 311 Poirson
1735 284 1886 313 canon.

304 338 547 377 monasterii
568 335 608 378 S.
634 337 843 379 Ambrosii
864 337 1092 380 Bituricen.
1117 339 1163 380 O.
1200 340 1241 381 S.
1278 344 1382 393 Aug.
1415 354 1508 382 can.
1537 342 1670 394 regul.
1695 346 1735 383 et
1754 346 1888 383 recto-

303 421 391 449 rem
412 408 560 450 domus
580 408 699 462 prob.
724 408 763 451 S.
788 409 824 451 1.
848 408 1070 452 Tholosan.
1095 424 1221 464 super
1241 413 1428 465 prioratu
1450 411 1491 454 S.
1511 411 1690 454 Dionisii
1711 413 1762 455 de
1781 412 1888 455 Con-

242 523 246 526 ,
301 484 441 522 coreto
457 479 497 522 d.
523 479 622 522 Ord.
649 481 871 523 Caturcen.
895 480 1025 524 dioec.
1051 482 1144 524 coll.
1172 482 1394 526 Caturcen.
1429 484 1525 526 dein
1557 484 1598 527 d.
1622 484 1763 526 domui
1785 484 1826 527 S.
1849 484 1885 527 I.

266 612 274 619 .
304 553 437 595 unito.
460 577 514 583 —
534 551 630 609 Fiat
649 557 696 594 ut
715 553 892 607 petitur.

271 619 277 626 ‘
300 618 343 655 R.
359 630 417 663 ap.
438 618 476 653 S.
494 619 544 655 M.
562 619 611 655 111
630 629 715 654 non.
736 621 831 663 Aug.
855 620 894 655 P.
913 631 973 655 an.
995 621 1086 657 VIII.

1453 731 1545 776 Req.
1562 731 1651 767 bule.
1672 731 1741 767 IV.
1762 734 1837 768 193.
1856 732 1891 767 b.

385 852 483 895 1:38.
516 849 681 891 Petitur
703 854 748 891 ut
773 849 948 903 perinde
977 849 1118 891 valeat
1147 851 1245 892 unio
1275 851 1485 904 prioratus
1515 851 1554 893 S.
1589 851 1810 894 Laurentii
1838 853 1890 895 de

303 920 449 963 Calido
479 921 612 964 Fonte
642 922 689 963 O.
724 921 766 964 S.
800 922 901 963 Ben.
936 920 1210 964 Catalaunen.
1245 921 1375 964 dioec.
1409 936 1435 964 a
1464 922 1558 965 Nic.
1593 924 1758 966 Henart
1786 924 1886 968 cler.

297 993 435 1035 Iulen.
460 995 661 1047 resignati
683 1007 778 1035 cum
793 993 890 1035 coll.
914 993 955 1035 S.
978 993 1012 1035 I.
1039 994 1082 1034 in
1112 994 1192 1035 civ.
1218 994 1414 1036 Remensi
1443 1008 1496 1036 ex
1525 995 1694 1038 decreto
1716 995 1890 1038 Henrici

302 1065 335 1106 F
337 1080 450 1108 ranc.
475 1080 561 1119 reg.
587 1066 732 1108 christ.
757 1071 912 1118 erecto,
936 1065 1034 1106 licet
1050 1079 1296 1119 expressum
1312 1066 1450 1108 fuerat
1471 1066 1511 1108 d.
1536 1068 1769 1120 prioratum
1791 1081 1890 1109 con-

300 1144 429 1180 ventu
451 1152 620 1191 carere3
645 1138 745 1179 olim
777 1137 1081 1190 conventualiS,
1103 1151 1186 1179 non
1216 1143 1359 1180 tamen
1388 1139 1608 1192 electivus,
1631 1153 1657 1181 a
1687 1142 1738 1180 60
1769 1140 1892 1181 annis

301 1210 587 1253 conventualis
608 1223 691 1251 non
710 1209 805 1251 fuit.
831 1234 884 1239 -—
904 1209 998 1250 Fiat
1017 1214 1065 1250 ut
1084 1209 1260 1263 petitur.

300 1277 343 1313 R.
362 1289 420 1321 ap.
441 1277 478 1313 S.
499 1277 539 1312 P.
562 1277 609 1313 VI
627 1276 701 1312 kal.
723 1278 805 1311 Dec.
824 1276 864 1311 P.
886 1288 945 1311 an.
967 1277 1059 1312 VIII.

1454 1387 1542 1431 Rey.
1564 1387 1651 1421 hall.
1672 1387 1741 1423 IV.
1763 1390 1836 1423 196.
1857 1389 1890 1423 b.

382 1509 482 1554 129.
513 1513 585 1551 Ex
604 1509 749 1551 debito
767 1510 1021 1564 pastoralis
1041 1511 1194 1562 officii.
1225 1531 1251 1537 —
1278 1506 1396 1548 Paul.
1432 1506 1484 1559 V,
1516 1507 1756 1561 petentibus
1787 1507 1894 1549 Con-

300 1581 458 1622 stantia
487 1579 643 1621 Sfortia
672 1578 984 1632 Boncompagni
1014 1578 1182 1620 ducissa
1208 1578 1390 1620 Soranae
1421 1582 1463 1620 et
1493 1578 1640 1620 Claud.
1674 1579 1895 1633 Aquaviva

299 1653 448 1707 Praep.
473 1651 578 1693 Gen.
613 1650 653 1693 S.
681 1651 735 1704 1.,
759 1655 838 1704 epo
859 1650 1016 1692 Sorano
1047 1650 1221 1692 mandat
1251 1655 1460 1705 quatenus
1481 1650 1671 1704 diligenti
1692 1651 1893 1693 informa-

296 1726 411 1767 tione
440 1724 646 1775 adhibita,
679 1723 902 1765 ecclesiam
931 1721 973 1765 S.
1007 1722 1188 1776 Spiritus
1217 1724 1260 1763 in
1295 1722 1454 1764 Sorana
1489 1723 1676 1775 civitate,
1717 1724 1890 1765 minime

299 1797 540 1839 collativam
562 1801 604 1837 et
623 1795 677 1836 ab
698 1795 898 1848 hospitali
917 1793 959 1837 S.
983 1794 1162 1849 Spiritus
1191 1796 1234 1836 in
1255 1794 1382 1836 Saxia
1411 1795 1462 1836 de
1491 1793 1607 1836 Urbe
1636 1794 1686 1836 Ο.
1713 1795 1756 1838 S.
1780 1795 1886 1849 Aug.

302 1869 609 1923 dependentem
640 1873 682 1909 et
712 1867 881 1909 domum
910 1867 1078 1922 aliaque
1108 1866 1304 1909 aedificia
1331 1868 1527 1920 contigua
1555 1881 1651 1908 cum
1681 1869 1733 1909 30
1763 1868 1888 1921 petiis

296 1947 435 1984 terrae
455 1941 524 1996 (fr.
549 1954 645 1982 ann.
672 1942 749 1982 110
771 1953 827 1981 sc.
852 1940 977 1994 rom.)
993 1939 1264 1981 dismembret
1279 1944 1322 1982 et
1342 1939 1515 1993 collegio
1537 1938 1578 1980 S.
1602 1938 1638 1980 I.
1662 1939 1707 1980 in
1729 1938 1770 1980 d.
1788 1940 1889 1981 civi-

299 2020 388 2057 tate
409 2013 603 2067 erigendo
624 2012 800 2054 tribuat.

299 2082 343 2118 R.
362 2093 420 2125 ap.
442 2081 477 2116 S.
500 2081 539 2115 Ρ.
559 2080 612 2116 XI
628 2080 702 2114 kal.
725 2081 810 2114 Dec.
834 2082 916 2115 1612
935 2079 975 2114 Ρ.
998 2090 1056 2113 an.
1081 2079 1173 2114 VIII.

1511 2189 1602 2233 περ.
1620 2188 1707 2224 buce.
1725 2188 1793 2230 zv,
1811 2190 1888 2224 257.

379 2318 482 2363 130.
511 2315 561 2357 A.
588 2314 634 2357 P.
659 2313 708 2356 R.
733 2311 792 2356 M.
816 2320 889 2358 Ex
909 2328 1137 2370 supernae
1150 2314 1461 2369 providentia.
1485 2335 1511 2341 —
1545 2310 1658 2353 Paul.
1694 2309 1730 2352 V
1760 2324 1887 2364 super

296 2388 532 2431 redditibus
552 2401 578 2429 a
597 2386 729 2429 Clem.
756 2385 859 2427 VIII
882 2385 954 2439 (cf.
977 2399 1020 2426 n.
1044 2386 1115 2434 44>
1137 2383 1309 2437 collegio
1331 2383 1584 2425 Melevitano
1617 2382 1658 2425 S.
1691 2382 1726 2424 I.
1759 2383 1887 2436 assig-

295 2462 406 2503 natis
435 2465 478 2502 et
506 2459 654 2502 litibus
683 2465 776 2512 post
805 2461 983 2499 mortem
1014 2456 1053 2498 d.
1087 2454 1316 2498 Clementis
1349 2461 1391 2497 et
1421 2455 1606 2509 episcopi
1639 2453 1884 2496 Melevitani

295 2533 517 2585 Leonardi‚
540 2546 565 2574 a
585 2531 742 2574 Ioanne
762 2529 871 2572 Abel
891 2529 942 2571 de
962 2529 1099 2582 legato
1130 2528 1191 2569 Ta
1222 2527 1383 2580 Uotafa,
1402 2527 1455 2569 ab
1485 2527 1667 2568 Antonio
1689 2525 1809 2569 Vello
1835 2526 1886 2568 de

295 2607 433 2660 legato
463 2605 524 2646 Ta
554 2604 782 2656 Mazzarra,
806 2603 1001 2644 excitatis
1032 2601 1273 2653 decernens,
1306 2598 1572 2642 concordiam
1602 2600 1755 2640 initam
1785 2612 1885 2640 con-

295 2679 452 2730 firmat,
476 2676 696 2729 collegium
717 2675 756 2716 d.
781 2674 872 2716 Soc.
897 2674 939 2715 in
969 2674 1084 2715 omni
1113 2673 1204 2714 iure
1233 2672 1277 2713 in
1309 2671 1347 2713 d.
1372 2671 1556 2724 legatum
1587 2670 1649 2712 Ta
1671 2669 1884 2712 Mazzarra

297 2753 489 2803 surrogat
509 2753 778 2802 caeterasque
801 2747 977 2788 uniones
998 2744 1158 2786 validas
1180 2744 1365 2786 roborat.

298 2817 341 2852 R.
361 2828 418 2860 ap.
439 2815 476 2851 S.
497 2816 537 2850 Ρ.
555 2826 638 2850 non.
659 2815 736 2850 dec.
753 2816 837 2849 1612
856 2813 898 2848 Ρ.
917 2824 976 2847 an.
999 2812 1094 2848 VIII.

1336 2910 1423 2953 Rey.
1443 2909 1533 2945 bun.
1551 2910 1573 2944 1
1581 2909 1618 2944 V.
1635 2911 1780 2945 265-261
1799 2906 1886 2945 bnis,

380 3028 474 3072 1:31.
505 3024 625 3067 Paul.
645 3023 681 3066 V
698 3023 854 3066 librum
876 3028 1196 3069 Controversia
1212 3024 1474 3077 Anylz'cana
1503 3023 1558 3065 de
1572 3021 1663 3077 pot.
1687 3027 1824 3076 Reyz‘s
1843 3024 1884 3064 ec
