1989 3252
77 183 254 226 Urban.
274 180 404 224 VIII.
741 199 796 205 —
823 176 899 216 331
934 200 986 204 -—
1524 170 1656 215 1629.

160 268 258 312 107.
296 272 404 309 Cum
431 269 546 308 Sicut
575 270 848 318 accepimus.
873 286 898 291 ——
933 261 1091 301 Urban.
1115 259 1218 301 VIII
1252 256 1506 312 presbyteris
1541 255 1583 298 S.
1620 254 1655 296 Ι.

79 336 271 379 concedit
292 339 493 388 perpetuo
515 335 556 374 in
579 333 667 374 foro
689 334 868 384 interno,
887 333 938 372 ad
956 334 1007 373 20
1028 345 1157 372 annos
1174 332 1216 371 in
1231 330 1320 371 foro
1339 332 1511 368 externo
1528 325 1659 367 facul-

82 411 215 448 tatem
251 403 519 457 dispensandi
554 415 627 455 pro
665 402 886 455 neophytis
920 402 1133 442 Indi-arum
1169 400 1330 440 Orient.
1364 402 1406 438 et
1435 396 1576 438 Occid.
1615 396 1659 436 in

80 476 391 530 impedimentis
408 474 591 514 matrim.
607 473 982 526 consanguinitatis
999 477 1041 513 et
1056 470 1284 520 affinitatis,
1298 472 1465 522 praeter
1478 468 1661 520 primum

83 547 258 602 gradum
278 550 359 587 etc.

80 620 125 655 R.
144 629 202 661 ap.
224 617 259 651 S.
280 619 330 652 M.
351 618 396 648 M.
417 616 520 652 XVII
538 615 637 657 Sept.
660 617 743 649 1629
761 614 800 648 P.
821 625 882 648 an.
902 614 978 648 VH.

81 739 182 773 Ball.
202 740 245 770 de
259 746 417 780 propay.
436 735 501 778 fid.
522 734 553 768 I.
583 736 655 768 114.
1319 730 1404 772 Rey.
1424 728 1513 762 bull.
1533 730 1607 762 271.
1629 728 1650 760 b

163 858 265 901 108.
298 854 339 896 S.
363 853 446 894 Rit.
471 853 620 906 Congr.
643 863 669 882 '—
690 851 912 892 Decretum
933 850 1162 892 extendens
1188 848 1397 890 indultum
1427 848 1514 888 diei
1535 849 1559 888 3
1580 846 1662 889 Iul.

86 928 190 969 1627
212 926 262 967 de
283 925 416 967 officio
438 930 480 965 et
501 925 629 964 missa
650 926 673 964 3
696 928 930 975 martyrum
961 921 1255 975 Iaponensium
1276 934 1349 974 pro
1370 918 1659 961 sacerdotibus

86 999 127 1041 S.
151 997 186 1038 Ι.
211 1010 453 1038 concessum
489 995 541 1036 ad
570 994 808 1035 sacerdotes
843 998 930 1034 tam
961 992 1170 1033 seculares
1205 1005 1330 1045 quam
1366 989 1578 1043 regulares
1613 987 1666 1029 ad

86 1082 229 1111 eorum
251 1067 451 1109 ecclesias
472 1065 746 1107 confluentes.

83 1143 126 1174 26
144 1139 241 1182 Sept.
264 1141 357 1173 1629.

87 1271 185 1305 Buzz.
205 1270 312 1304 Rom.
329 1285 371 1292 —·
389 1268 483 1301 Nov.
503 1266 591 1300 buu.
611 1266 645 1300 S.
662 1266 693 1299 I.
715 1269 788 1300 168.
1406 1260 1558 1295 ΕΙεησΙι.
1577 1261 1666 1294 bun.

168 1389 269 1433 109.
305 1390 433 1429 Alias
448 1391 693 1442 postquam
734 1409 759 1414 —
780 1383 943 1425 Urban.·
968 1382 1069 1424 VIII
1098 1382 1347 1436 Apollinari,
1374 1381 1507 1421 electo
1537 1379 1671 1420 eccle-

89 1460 175 1500 siae
197 1458 445 1510 Aethiopiae
466 1470 704 1509 regnorum,
723 1455 970 1496 facultatem
992 1453 1213 1495 exercendi
1229 1451 1488 1506 pontificalia
1508 1451 1668 1504 absque

87 1529 215 1583 pallio
236 1528 287 1569 ad
310 1527 631 1582 quadriennium
652 1526 842 1567 concedit
862 1541 870 1577 ;
895 1527 966 1580 qui
988 1527 1100 1566 intra
1117 1525 1156 1565 d.
1182 1523 1329 1577 quadr.
1348 1537 1373 1564 a
1388 1521 1493 1564 Sede
1524 1521 1667 1574 Apost.

91 1599 265 1653 pallium
287 1600 429 1652 petere
449 1603 492 1639 et
512 1598 702 1639 obtinere
724 1602 905 1638 tenetur.

90 1672 133 1706 R.
153 1681 209 1714 ap.
231 1670 254 1705 S
289 1671 338 1705 M.
358 1671 407 1704 M.
428 1670 505 1705 VIII
527 1669 606 1704 Oct.
632 1672 712 1704 1629
731 1670 770 1703 P.
791 1679 849 1702 an.
871 1668 948 1703 VII.

1318 1783 1403 1824 Κεφ.
1423 1781 1510 1814 bull.
1540 1780 1575 1812 V.
1595 1783 1674 1815 280.

173 1912 269 1955 110.
307 1913 505 1954 Bellator·
532 1912 580 1951 z'n
609 1911 791 1964 plausu.
825 1929 850 1934 —
881 1903 985 1945 Urb.
1019 1901 1121 1943 VIII
1156 1901 1260 1942 Duci
1296 1899 1598 1952 Michelburgi‚
1630 1900 1673 1940 in

92 1981 244 2021 animis
266 1979 524 2021 devictarum
542 1979 761 2019 nationum
782 1989 864 2016 non
886 1973 1007 2014 modo
1024 1973 1174 2013 altaria
1196 1971 1269 2012 sed
1289 1972 1416 2012 etiam
1437 1982 1672 2023 propugna-

95 2050 190 2091 cula
218 2050 386 2091 veritati
421 2055 637 2090 exstruere
668 2047 852 2097 conanti,
877 2049 917 2086 et
953 2045 1103 2084 iustam
1126 2042 1231 2082 tanti
1266 2040 1460 2081 beneficii
1491 2053 1608 2093 spem
1630 2040 1674 2079 in

97 2120 281 2172 collegiis
303 2124 346 2160 et
366 2119 603 2160 seminariis
624 2118 664 2159 S.
690 2117 724 2158 I.
749 2120 1005 2157 exstructam
1027 2112 1249 2154 arbitranti
1269 2110 1519 2164 gratulatur.

97 2191 138 2225 R.
158 2202 215 2233 ap.
237 2190 272 2224 S.
294 2191 342 2224 M.
363 2191 412 2225 M.
433 2190 515 2225 VIII
532 2191 621 2224 NOV.
642 2191 726 2224 1629
747 2188 785 2221 P.
806 2198 863 2220 an.
887 2186 960 2220 VII.

96 2317 167 2351 Iul.
187 2316 352 2359 Poyz'am‘
368 2317 471 2357 epist.
492 2313 536 2347 ΙΙ
552 2315 626 2349 173.

181 2436 269 2478 111.
303 2439 440 2477 Iustis
459 2438 499 2476 et
524 2434 739 2476 honestis.
764 2454 789 2459 —
811 2428 970 2470 Urban.
998 2425 1114 2476 VIII,
1134 2425 1374 2480 petentibus
1396 2425 1545 2478 Praep.
1566 2424 1673 2466 Gen.

102 2507 144 2545 et
176 2504 381 2556 religiosis
416 2503 457 2544 S.
481 2502 535 2554 I.⁷
558 2501 730 2542 mandat
765 2500 958 2552 episcopo
980 2496 1300 2538 Waterfordien.
1327 2501 1373 2537 ut
1394 2496 1590 2549 procedat
1624 2494 1677 2536 ad

103 2580 254 2615 execut
290 2574 417 2615 litter.
445 2573 567 2614 Pauli
602 2572 654 2623 V,
678 2585 784 2625 quae
818 2575 993 2610 vacante
1029 2568 1069 2608 d.
1107 2567 1209 2608 eccl.
1249 2566 1402 2607 effectu
1437 2572 1677 2619 caruerunt,

103 2659 228 2698 super
248 2646 348 2686 eccl.
374 2645 542 2698 paroch.
568 2644 607 2685 S.
628 2644 742 2684 Petri
765 2641 1085 2682 Waterfordien.
1110 2640 1153 2679 in
1174 2638 1393 2689 Hibernia,
1411 2642 1505 2690 post
1521 2637 1680 2678 obitum

103 2716 241 2757 ultimi
260 2717 511 2769 possessoris
526 2715 597 2756 diu
614 2719 788 2755 vacante
805 2718 846 2753 et
867 2712 919 2752 ad
940 2711 1079 2752 sedem
1102 2715 1235 2763 apost.
1255 2709 1443 2762 legitime
1467 2708 1677 2760 devoluta,

104 2787 147 2826 in
167 2791 415 2839 perpetuum
436 2800 559 2827 usum
581 2785 623 2826 S.
647 2785 680 2825 Ι.
707 2785 749 2824 in
770 2784 809 2824 d.
835 2796 960 2836 regno
982 2794 1192 2823 concessa.

102 2856 146 2891 R.
166 2868 223 2899 ap.
246 2856 282 2891 S.
300 2857 349 2891 M.
369 2857 417 2891 M.
438 2857 524 2892 XIII
540 2856 614 2890 kal.
633 2856 710 2890 Ian.
731 2857 816 2889 1629
833 2854 873 2888 P.
893 2864 952 2887 an.
971 2852 1048 2887 VII.

1331 2980 1418 3024 περ.
1437 2979 1525 3013 amu.
1549 2978 1588 3012 v.
1606 2979 1682 3014 297.
