1989 3252
303 231 447 274 Clem.
468 228 555 272 XI.
969 253 1023 258 —
1052 229 1133 269 430
1162 253 1217 259 —
1764 231 1894 276 1703.

302 316 344 356 in
366 315 525 356 domin.
549 315 727 368 primam
763 315 967 358 adventus
1002 315 1215 369 inciderit,
1237 317 1281 359 in
1316 316 1430 359 diem
1449 319 1476 360 4
1497 331 1593 359 cum
1632 315 1892 370 indulgentia

298 386 636 428 transferendum
657 400 765 429 esse.

298 453 422 488 XXIV
440 453 529 488 NOV.
548 456 644 489 1702.

301 580 403 613 Ball.
426 580 530 615 Rom.
1627 582 1781 617 Elench.
1800 582 1892 616 hull.

382 707 451 750 13.
487 708 750 749 Coelestz‘um
775 720 1032 750 muner-um.
1057 731 1082 736 —
1112 704 1244 748 Glem.
1269 705 1329 748 XI
1359 705 1643 760 indulgentias
1677 720 1752 761 pro
1790 707 1891 749 mis-

300 776 489 817 sionibus
511 775 552 818 S.
578 775 611 817 I.
637 774 829 817 concedit
849 775 903 818 ad
924 778 1192 830 septennium
1213 777 1316 832 (Cfr.
1340 776 1435 820 Inn.
1460 776 1559 830 XII,
1582 792 1625 819 n.
1648 779 1732 830 34).

300 843 424 878 XXIII
440 843 517 879 Ian.
538 844 634 878 1703,

1627 970 1781 1005 Elench.
1801 970 1890 1004 bulz.

381 1097 452 1140 14.
488 1099 560 1138 Ad
579 1098 859 1150 auqendam.
897 1120 922 1126 -
961 1095 1093 1138 Clem.
1137 1095 1197 1137 XI
1237 1095 1542 1149 indulgentiam
1582 1109 1656 1149 pro
1698 1095 1887 1137 oratione

296 1169 350 1208 40
372 1166 463 1208 hor.
488 1167 680 1208 concedit
700 1168 890 1209 ecclesiis
911 1167 953 1210 S.
977 1168 1011 1211 Ι.
1035 1168 1140 1223 (Cfr.
1164 1167 1258 1210 Inn.
1282 1166 1383 1221 XII,
1404 1181 1447 1209 n.
1472 1168 1561 1221 35).

293 1232 417 1268 XXIV
434 1233 510 1268 Ian.
534 1234 628 1267 1703.

1628 1354 1782 1388 Elench.
1799 1353 1889 1387 buu.

289 1527 292 1530 ,
381 1483 449 1525 15.
484 1480 726 1523 Facultates
745 1494 970 1523 concessae
991 1495 1015 1522 a
1036 1480 1077 1523 S.
1104 1478 1154 1522 D.
1180 1478 1232 1522 N.
1258 1478 1475 1522 Clemente
1491 1477 1602 1521 XI...
1628 1479 1675 1521 P.
1700 1478 1886 1520 Antonio

298 1551 506 1594 Possateri
542 1552 583 1595 S.
608 1552 643 1594 I.
667 1554 746 1595 vic.
771 1566 839 1606 ap.
865 1553 1106 1606 provinciae
1141 1550 1275 1593 Xansi
1309 1553 1352 1592 in
1386 1552 1502 1605 regni
1537 1551 1749 1593 Sinarum.
1782 1575 1808 1581 -
1837 1549 1889 1591 In

298 1636 435 1676 congr.
474 1638 568 1677 gen.
593 1623 633 1666 S.
659 1623 709 1666 R.
734 1628 775 1665 et
809 1623 864 1665 U.
897 1623 969 1666 Ι...
1008 1623 1049 1666 S.
1083 1623 1131 1665 D.
1166 1622 1218 1664 N.
1253 1622 1369 1676 Papa
1403 1622 1645 1676 praedictus
1684 1621 1890 1663 concessit

298 1694 346 1736 P.
370 1693 554 1737 Antonio
575 1695 841 1737 Possateri...
866 1694 1129 1749 supradictas
1159 1694 1383 1736 facultates
1403 1693 1457 1735 ad
1478 1707 1609 1735 annos
1631 1692 1887 1748 quindecim,

300 1768 489 1822 exceptis
510 1768 562 1809 iis
583 1781 691 1823 quae
713 1769 933 1822 requirunt
953 1767 1241 1809 characterem
1263 1766 1580 1820 episcopalem..

297 1834 337 1868 F.
357 1836 377 1869 5
395 1834 453 1868 die
470 1838 491 1869 6
508 1835 593 1869 Dec.
615 1836 713 1870 1703.

1514 1952 1599 1994 Req.
1619 1952 1705 1985 bun.
1735 1951 1806 1986 νιι
1832 1953 1886 1986 77.

380 2084 448 2126 16.
483 2081 532 2122 In
555 2095 694 2135 congr.
719 2094 813 2134 gen.
837 2079 879 2122 S.
904 2080 953 2121 R.
979 2084 1022 2121 et
1046 2079 1096 2121 U.
1121 2079 1193 2121 Ι...
1218 2078 1353 2120 relata
1373 2077 1626 2119 instantia...
1647 2075 1694 2118 P.
1715 2076 1888 2117 Antonii

299 2153 593 2196 Possaterii....
619 2154 660 2196 S.
684 2153 735 2194 D.
758 2152 830 2194 N..
855 2152 1064 2195 concessit
1101 2152 1140 2193 ei
1171 2151 1418 2192 facultatem
1455 2147 1726 2203 dispensandi
1761 2160 1887 2202 super

296 2226 538 2278 imparitate
573 2224 725 2275 cultus,
748 2225 854 2266 alias
889 2224 1058 2265 vicariis
1088 2226 1223 2276 apost.
1263 2222 1379 2274 regni
1415 2220 1610 2263 Sinarum
1642 2232 1886 2261 concessam

297 2296 364 2338 die
387 2298 441 2339 25
462 2296 562 2351 Apr.
592 2299 710 2347 1680,
732 2296 786 2338 ad
806 2309 939 2337 annos
963 2297 1027 2337 15.

296 2363 335 2396 F.
356 2365 376 2397 5
390 2362 449 2398 die
466 2365 486 2397 6
506 2362 589 2396 Dec.
611 2364 709 2398 1703.

1504 2475 1594 2519 Req.
1616 2473 1702 2507 bull.
1731 2472 1808 2506 VII.
1829 2474 1883 2507 81.

380 2609 447 2652 17.
483 2606 532 2648 In
553 2620 693 2658 congr.
717 2619 810 2657 gen.
837 2603 877 2646 S.
903 2603 951 2645 R.
977 2608 1020 2645 et
1045 2602 1099 2644 U.
1124 2602 1195 2644 Ι...
1221 2601 1356 2643 relata
1384 2600 1637 2641 instantia...
1661 2598 1708 2640 P.
1743 2597 1883 2640 Caroli

293 2678 484 2720 Turcotti
505 2693 572 2730 cp.
599 2677 886 2718 Andrevillen.
910 2676 990 2717 vic.
1015 2690 1083 2729 ap.
1107 2674 1347 2728 provinciae
1368 2672 1654 2723 Queicheu‚...
1679 2670 1720 2712 S.
1747 2669 1795 2710 D.
1821 2668 1875 2710 N.

294 2752 501 2793 concessit
535 2752 574 2791 ei
595 2750 843 2791 facultatem
880 2746 1151 2801 dispensandi
1182 2759 1307 2799 super
1336 2744 1579 2797 imparitate
1600 2742 1754 2794 cultus,
1777 2740 1882 2782 alias

295 2825 462 2867 vicariis
496 2828 631 2878 apost.
671 2823 787 2876 regni
827 2822 1024 2863 Sinarum
1062 2833 1303 2860 concessam
1340 2818 1407 2859 die
1447 2819 1499 2859 25
1534 2816 1634 2870 Apr.
1671 2816 1792 2867 1680,
1828 2813 1882 2855 ad

295 2911 427 2939 annos
452 2899 516 2939 15.

294 2963 332 2998 F.
352 2966 372 2999 5
389 2963 447 2998 die
464 2967 485 3000 6
503 2963 587 2996 Dec.
609 2963 706 2997 1703.

1507 3070 1598 3112 Κεφ.
1616 3068 1702 3101 bun.
1729 3066 1808 3101 Vll.
1827 3068 1880 3101 82.
