1989 3252
732 521 1314 597 OLEMENTIS
1362 521 1496 593 IX.

314 740 480 774 Clemens
496 737 562 779 IX,
581 735 827 776 pistoriensis,
847 735 959 769 lulius
986 734 1221 778 Rospigliosi‚
1243 733 1372 767 Presb.
1392 731 1495 766 Card.
1516 731 1574 766 tit.
1594 729 1631 764 S.
1651 729 1759 774 Sixti,
1776 729 1915 764 electus

403 793 486 834 XX,
505 789 700 827 coronatus
716 790 842 826 XXVI
860 790 940 825 Iun.
966 793 1063 830 1667,
1084 789 1175 823 obiit
1193 788 1247 824 IX
1266 789 1351 822 Dec.
1373 789 1469 822 1669.

316 849 485 884 Clemens
501 847 554 883 IX
571 847 775 884 attendens,
792 849 829 880 ut
848 845 926 889 ipse
943 845 981 879 in
999 845 1100 885 bulla
1118 844 1178 877 Ex
1197 854 1266 889 quo
1285 849 1447 885 tempore
1464 844 1483 876 5
1503 840 1576 874 kal.
1593 840 1688 882 Aug.
1705 841 1789 874 1668
1805 837 1919 880 loqui-

405 907 475 944 tur,
496 911 512 928 α
531 902 624 945 quod
657 901 692 935 S.
710 901 738 936 I.
759 912 880 939 suum,
899 900 1013 943 digito
1046 899 1123 938 Dei,
1143 909 1186 932 ex
1215 897 1344 931 eodem
1367 896 1470 930 Sedis
1498 896 1662 933 oraculo.¹
1689 893 1918 928 efformatum

403 958 617 994 Institutum
634 966 779 998 semper
795 955 943 999 egregie
962 953 1151 997 sustinuit,
1167 964 1313 995 munuS,
1329 950 1535 993 disciplinis
1554 949 1776 984 christianae
1795 947 1921 991 pietati

404 1012 624 1055 conciliatis,
644 1012 688 1045 ad
714 1011 947 1053 ingeniorum
966 1009 1147 1043 culturam
1167 1007 1276 1041 simul
1295 1010 1330 1041 et
1346 1006 1553 1040 animarum
1572 1005 1734 1038 exercuit
1751 1003 1920 1044 salutem,

405 1072 511 1112 prout
527 1067 673 1110 publice
691 1069 873 1100 testantur
891 1064 1065 1108 perennia
1090 1063 1281 1106 religiosae
1300 1061 1502 1104 sapientiae
1522 1063 1771 1099 monumenta,
1790 1057 1923 1099 quibus

408 1122 587 1157 litteraria
612 1124 788 1156 ornantur
804 1121 949 1155 theatra
975 1124 1010 1154 et.
1027 1118 1210 1154 catholica
1240 1119 1436 1151 coronatur
1465 1115 1641 1153 Ecclesia,
1659 1113 1750 1148 adeo
1781 1115 1820 1145 ut
1839 1123 1919 1155 pro-

409 1177 617 1212 nuntiatum
635 1176 728 1210 illud
745 1175 1001 1219 propheticum
1018 1174 1095 1208 eius
1116 1172 1381 1216 professoribus
1399 1170 1566 1214 apposite
1583 1171 1760 1211 congruat
1780 1179 1787 1202 :
1807 1166 1923 1201 Labia

409 1232 607 1267 sacerdotis
632 1230 839 1265 custodient
857 1230 1049 1265 scientiam
1067 1234 1103 1263 et
1120 1229 1239 1272 legem
1258 1226 1445 1269 requirent
1463 1225 1506 1259 de
1525 1236 1586 1259 ore
1604 1223 1681 1258 eius
1701 1239 1730 1264 n,
1750 1226 1786 1257 et
1808 1221 1924 1256 consi-

409 1288 540 1323 derans
568 1286 664 1329 quod
684 1302 698 1314 ··
718 1286 880 1320 eiusdem
901 1284 1095 1319 Societatis
1125 1282 1285 1326 religiosi
1307 1307 1314 1314 .
1348 1292 1435 1325 prae
1463 1279 1547 1314 aliis
1565 1278 1730 1313 scientiis
1757 1277 1794 1311 in
1821 1287 1924 1311 sacra

411 1341 596 1385 theologia
614 1351 845 1384 summopere
870 1342 1057 1383 praestant
1077 1356 1092 1374 η
1113 1339 1203 1372 duas
1232 1335 1459 1380 theologicas
1477 1335 1671 1369 cathedras
1701 1343 1766 1376 pro
1786 1331 1822 1366 S.
1841 1332 1868 1367 Ι.
1887 1331 1927 1365 in

412 1397 652 1432 universitate
671 1395 921 1439 Complutensi
941 1393 1089 1428 creavit.

327 1455 367 1490 P.
389 1453 581 1488 Nicolaum
599 1451 801 1485 Zucchium
815 1451 859 1484 de
874 1449 1047 1493 gravibus
1064 1449 1176 1483 rebus
1191 1458 1300 1490 saepe
1320 1444 1523 1487 consuluit3
1544 1444 1585 1479 P.
1606 1443 1752 1487 Aloysio
1772 1441 1927 1485 Spinula

416 1521 503 1543 usus
520 1512 576 1543 est
599 1506 845 1541 conscientiae
873 1505 1113 1544 moderatore,
1133 1506 1167 1537 et
1186 1500 1484 1546 congregationis
1510 1512 1538 1533 s.
1566 1500 1715 1536 rituum,
1735 1497 1927 1540 indulgen-

418 1565 553 1598 tiarum
581 1566 617 1597 et
644 1561 866 1605 apostolicae
897 1559 1117 1594 visitationis
1138 1558 1357 1592 consultore.
1390 1557 1431 1590 P.
1450 1556 1625 1591 Ioannem
1654 1554 1797 1588 Olivam
1825 1562 1929 1586 sacra

415 1630 578 1664 purpura
595 1629 724 1653 ornare
743 1620 933 1651 statuerat.
953 1616 1113 1651 Litterae
1130 1618 1271 1649 exstant
1287 1613 1447 1656 (Gema,
1466 1611 1597 1654 Eloqz'a
1613 1610 1647 1644 S.
1668 1609 1700 1644 s.
1721 1621 1754 1652 p.
1774 1610 1828 1650 57)
1846 1606 1924 1649 qui-

418 1677 484 1710 bus
502 1675 543 1709 P.
564 1673 669 1708 Oliva
686 1672 879 1707 Pontificis
897 1682 986 1715 erga
1005 1670 1040 1705 S.
1056 1670 1083 1705 Ι.
1104 1679 1269 1704 amorem
1285 1671 1456 1703 testatur.

421 1957 461 2002 1.
494 1952 534 1996 S.
560 1952 645 1996 Rit.
667 1951 818 2004 Congr.
839 1975 865 1981 —
888 1949 1111 1990 Decretum
1132 1961 1213 2002 quo
1244 1945 1502 2000 approbatur
1523 1944 1674 1985 electio
1697 1942 1740 1985 S.
1765 1940 1914 1982 Franc.

339 2027 446 2070 XaV.
470 2027 514 2067 in
535 2030 760 2079 patronum
781 2023 859 2063 ciV.
885 2021 1091 2074 Tergesti.

340 2097 380 2130 13
399 2096 492 2137 Aug.
516 2094 612 2128 1667.

1667 2123 1817 2159 Elench.
1837 2123 1929 2157 buli.

422 2233 464 2276 2.
499 2229 548 2271 A.
572 2228 620 2270 F.
644 2227 693 2268 R.
719 2224 777 2268 M.
814 2229 1002 2269 Μωσέως
1021 2227 1157 2279 filios.
1181 2247 1206 2252 -
1227 2222 1357 2263 Glem.
1392 2219 1452 2261 IX
1486 2219 1668 2261 alumnis
1704 2216 1921 2258 seminarii

341 2300 547 2357 pontificii
582 2297 874 2350 Brunsbergae
908 2296 951 2336 in
988 2295 1159 2336 Prussia
1192 2291 1387 2334 concedit
1421 2296 1466 2332 ut
1501 2290 1553 2331 ad
1589 2302 1728 2330 sacros
1758 2287 1924 2329 ordines

341 2372 578 2428 promoveri
598 2371 759 2425 possint
777 2368 831 2410 ad
864 2368 1038 2408 titulum
1058 2366 1303 2407 sufficientis
1334 2365 1598 2405 litteraturae
1620 2361 1778 2414 absque
1801 2358 1922 2399 Ordi-

344 2446 559 2487 nariorum
581 2441 831 2483 dimissoriis
852 2444 895 2480 et
914 2452 996 2480 non
1018 2438 1195 2479 servatis
1216 2435 1472 2476 interstitiis.

342 2512 386 2546 R.
406 2522 465 2554 ap.
485 2510 522 2545 S.
542 2509 591 2543 M.
612 2508 662 2542 M.
682 2508 767 2543 XVI
786 2508 881 2549 Aug.
903 2508 986 2540 1667
1007 2505 1048 2539 P.
1067 2515 1125 2538 an.
1147 2504 1175 2539 I.

343 2599 446 2634 Bucz.
465 2599 510 2632 de
523 2608 684 2642 propag).
699 2596 771 2640 fide
787 2595 818 2630 I.
838 2597 914 2629 374.
932 2612 976 2618 —-
994 2594 1093 2627 Buca.
1117 2594 1222 2628 Rom.
1574 2588 1662 2631 Rey.
1683 2586 1770 2620 hall.
1798 2585 1835 2620 V.
1857 2586 1932 2620 188.

429 2695 471 2738 3.
503 2691 556 2734 A.
578 2690 625 2732 P.
650 2689 699 2731 R.
726 2688 782 2730 M.
808 2694 1178 2744 Azcyuscc’sslmae
1197 2692 1331 2741 atque
1348 2687 1728 2739 moriosissemae.
1749 2704 1774 2710 -
1797 2678 1926 2721 Clem.

346 2763 425 2818 IX,
459 2761 717 2816 supplicanti
751 2760 799 2802 P.
831 2759 894 2801 Io.
917 2759 964 2801 P.
990 2758 1111 2800 Oliva
1144 2757 1293 2810 Praep.
1318 2755 1420 2797 Gen.
1458 2754 1499 2796 S.
1539 2753 1594 2806 I.‚
1617 2752 1798 2795 officium
1833 2764 1929 2792 cum

348 2840 495 2877 octava
516 2833 567 2875 de
597 2835 823 2886 praecepto
844 2835 886 2872 et
916 2830 1087 2871 missam
1107 2828 1401 2881 Conceptionis
1424 2826 1470 2868 B.
1499 2825 1555 2867 M.
1585 2824 1697 2878 Virg.
1721 2824 1928 2865 Immacu-

349 2907 463 2948 latae
484 2904 741 2959 presbyteris
762 2903 801 2944 d.
827 2902 867 2944 S.
893 2901 1100 2943 concedit.

348 2973 395 3009 R.
413 2983 472 3015 ap.
493 2972 529 3006 S.
549 2971 601 3006 M.
618 2972 669 3007 M.
690 2970 792 3005 XVII
809 2969 910 3012 Sept.
931 2971 1014 3003 1667
1033 2968 1074 3002 Ρ.
1093 2978 1152 3002 an.
1176 2967 1201 3000 I.

347 3061 452 3096 Buzz.
469 3061 578 3095 Rom.
594 3077 639 3084 —
654 3059 751 3093 Nov.
771 3059 862 3092 bull.
884 3058 918 3091 S.
937 3057 967 3092 I.
989 3059 1064 3091 191.
1678 3052 1830 3086 Elench.
1851 3050 1938 3083 bull-
