1989 3252
75 162 237 206 Innoc.
262 160 323 204 X.
746 180 800 187 —
830 156 909 197 355
937 179 993 186 --
1524 154 1651 198 1646.

159 249 226 291 11.
260 252 419 301 Nuper·
431 259 521 301 pro
537 249 684 300 parte.
722 267 748 273 -
780 242 1015 283 Innocentii
1053 241 1092 282 X
1131 241 1255 283 breve
1293 240 1653 282 confirmatorium

75 318 233 359 decreti
253 316 294 359 S.
315 315 442 369 Cong.
461 314 587 356 Cone.
614 314 663 355 17
684 315 772 355 iun.
800 315 904 354 1645
925 327 1051 366 super
1071 313 1276 354 solutione
1297 312 1556 353 decimarum
1578 324 1653 364 per

76 388 302 442 regulares,
318 379 539 440 ‘signanter
559 385 602 428 S.
624 384 680 437 I.,
703 385 746 426 in
767 398 892 437 regno
913 383 1110 426 Poloniae
1131 384 1223 437 (cfr.
1247 398 1290 425 n.
1312 386 1372 436 4).

74 457 115 490 21
134 455 239 489 Febr.
261 456 357 489 1646.

1392 541 1546 575 Elench.
1565 540 1653 574 bun.

160 658 229 700 12.
261 661 419 711 Nuper
436 668 521 710 pro
534 658 683 710 parte.
708 677 733 682 -
753 651 896 692 Innoc.
920 650 973 701 X,
997 649 1235 704 petentibus
1256 649 1392 702 presb.
1413 648 1455 691 S.
1478 648 1533 701 I.,
1556 663 1654 690 con-

75 725 187 766 cedit
207 728 284 778 epo
304 723 550 765 Maioricen.
574 722 820 763 facultatem
842 720 1083 774 indulgendi
1112 724 1157 761 ut
1186 720 1275 772 fiat,
1302 724 1508 773 quatenus
1545 719 1655 760 adsit

76 796 149 838 dos
170 809 368 848 congrua,
390 793 582 835 fundatio
604 793 698 834 coll.
729 793 767 834 d.
793 792 833 834 S.
858 793 900 832 in
921 793 998 833 ciV.
1023 790 1307 842 Maioricensi,
1325 791 1393 831 cui
1414 789 1652 843 incipiendo

75 881 169 908 cum
192 867 413 920 possessio,
437 865 488 906 de
522 878 727 905 consensu
756 863 903 904 vicarii
937 862 1196 915 capitularis,
1222 866 1346 914 capta
1380 866 1505 913 esset,
1544 861 1654 902 idem

75 943 220 992 postea
241 950 432 978 asserens
451 949 496 977 se
517 935 621 976 alios
640 934 854 987 regulares
883 933 923 974 d.
956 934 1034 974 civ.
1059 946 1142 973 non
1173 933 1340 980 citasse,
1364 933 1507 974 omnia
1536 945 1652 973 revo-

76 1013 260 1061 caverat,
284 1012 617 1050 conservatorem
639 1019 665 1047 a
685 1006 726 1047 S.
750 1005 783 1047 I.
809 1005 987 1046 electum
1010 1010 1053 1045 et
1073 1010 1276 1045 rectorem
1308 1004 1467 1044 carceri
1497 1004 1654 1044 manci-

76 1085 265 1133 paverat,
288 1079 363 1120 lite
384 1080 426 1119 in
448 1091 565 1119 sacro
586 1082 703 1118 rotae
724 1090 827 1117 rom.
852 1076 1061 1117 auditorio
1083 1075 1217 1116 adhuc
1239 1074 1461 1128 pendente.

77 1146 119 1181 R.
138 1158 195 1189 ap.
217 1145 253 1180 S.
276 1146 313 1178 Ρ.
332 1144 366 1180 11
382 1145 460 1180 Iun.
483 1147 566 1178 1646
585 1143 624 1177 Ρ.
645 1154 703 1176 an.
723 1142 766 1177 Π.

1245 1229 1332 1271 Rey.
1352 1228 1439 1262 buu.
1468 1227 1527 1260 VI.
1548 1230 1602 1262 91.
1622 1227 1658 1262 b.

161 1343 232 1386 13.
257 1347 328 1385 E'oe
345 1345 547 1384 iniuncto
566 1341 708 1382 nobis.
733 1362 758 1368 -
779 1337 922 1378 Innoc.
947 1336 998 1387 X,
1021 1336 1162 1377 citatis
1182 1336 1264 1378 litt.
1297 1335 1417 1377 Pauli
1451 1335 1510 1388 II,
1548 1342 1654 1379 Cum

79 1421 126 1456 in
147 1415 356 1457 omnibus
375 1414 576 1462 iudiciis,
614 1411 735 1461 1465,
772 1423 812 1449 v,
849 1407 904 1450 id.
943 1407 1061 1460 Maii,
1098 1406 1340 1460 petentibus
1376 1405 1655 1448 confratribus

77 1483 207 1524 confr.
231 1481 273 1524 S.
298 1481 577 1534 Margheritae
611 1493 705 1532 opp.
744 1479 795 1519 de
831 1478 1000 1520 Sciacca
1035 1478 1166 1519 dioec.
1191 1477 1448 1530 Agrigentin.
1480 1481 1523 1517 et
1551 1480 1655 1520 rect.

79 1554 172 1596 coll.
198 1553 238 1595 d.
262 1567 359 1606 opp.
382 1551 554 1593 mandat
573 1551 730 1592 decano
753 1550 855 1591 eccl.
881 1550 1140 1602 Agrigentin.
1165 1554 1207 1589 et
1235 1549 1316 1589 vic.
1347 1561 1441 1601 gen.
1473 1548 1656 1600 episcopi

78 1626 336 1679 Agrigentin.
360 1630 406 1664 ut
426 1622 656 1664 concedant
676 1622 719 1662 in
749 1621 1058 1674 emphyteusim
1080 1620 1289 1673 quoddam
1321 1620 1478 1673 petium
1513 1624 1653 1660 terrae

79 1697 122 1736 in
169 1699 360 1736 contrata
397 1693 448 1735 de
491 1693 803 1734 Guardiavaxio
842 1691 919 1732 sub
958 1704 1117 1731 canone
1164 1703 1301 1731 annuo
1346 1691 1393 1729 16
1437 1689 1655 1730 unciarum

79 1769 148 1816 (25
169 1766 284 1817 duc.)
304 1779 330 1807 a
350 1765 389 1807 d.
415 1764 510 1806 coll.
536 1763 746 1805 solvendo.

78 1833 122 1867 R.
141 1843 198 1876 ap.
220 1832 256 1867 S.
276 1833 324 1867 M.
344 1832 394 1866 Μ.
415 1832 445 1866 V
464 1840 548 1864 non.
568 1830 635 1865 Iul.
661 1833 741 1864 1646
761 1830 802 1862 Ρ.
822 1841 879 1862 an.
923 1839 944 1861 ·.

1302 1919 1390 1962 Κεφ
1409 1919 1499 1953 bull.
1523 1919 1583 1953 VI.
1603 1922 1658 1953 92.

161 2037 227 2079 14.
263 2036 596 2089 Circumspeota
618 2038 741 2074 Rom.
768 2031 1015 2083 Pontifices.
1038 2053 1064 2058 -
1097 2027 1243 2069 Innoc,
1281 2027 1334 2080 X,
1359 2031 1526 2081 petente
1556 2025 1651 2068 Nic.

80 2105 224 2159 Royon
245 2111 346 2146 rect.
370 2103 468 2145 coll.
491 2102 532 2144 S.
558 2101 716 2143 Mariae
736 2101 873 2155 presb.
898 2099 940 2141 S.
964 2099 999 2141 I.
1028 2100 1272 2150 Bituricam„
1295 2097 1468 2139 mandat
1488 2097 1654 2138 officiali

80 2176 384 2230 archiepiscopi
405 2174 634 2215 Bituricen.
661 2176 707 2214 ut
727 2186 823 2213 cum
844 2171 884 2212 d.
923 2171 1016 2212 coll.
1056 2184 1081 2211 a
1115 2172 1166 2211 80
1202 2171 1321 2210 annis
1357 2174 1511 2221 erecto,
1537 2169 1656 2210 cuius

81 2248 242 2290 fabrica
275 2248 319 2288 in
353 2260 503 2299 magna
537 2245 679 2297 inopia
714 2248 953 2285 constructa
987 2243 1150 2282 ruinam
1179 2242 1378 2289 minatur,
1403 2241 1537 2292 uniat,
1560 2253 1656 2280 cum

81 2320 262 2373 primum
296 2318 522 2369 vacaverit,
559 2317 788 2370 prioratum
822 2315 905 2355 loci
940 2314 994 2354 du
1032 2313 1177 2353 Maure
1199 2313 1253 2365 (Ῥ)
1276 2312 1325 2353 Ο.
1351 2311 1390 2353 S.
1416 2312 1522 2364 Aug.
1560 2324 1653 2353 can.

81 2404 166 2444 reg.
191 2389 229 2431 d.
255 2388 405 2441 dioec.,
428 2388 482 2429 ad
508 2388 737 2441 prioratum
767 2385 808 2427 S.
846 2385 1062 2426 Laurentii
1097 2384 1147 2424 de
1180 2383 1346 2436 Lartige
1381 2382 1422 2424 d.
1445 2382 1494 2423 O.
1518 2381 1648 2423 dioec.

81 2461 346 2503 Lemovicen.
370 2464 642 2513 spectantem,
664 2470 786 2512 quem
809 2456 895 2498 Iac.
919 2455 1168 2496 Daubenton
1197 2454 1333 2508 presb.
1359 2455 1402 2494 in
1448 2466 1658 2494 commen-

83 2533 178 2574 dam
198 2531 360 2573 obtinet
398 2530 465 2572 Fr.
488 2532 543 2572 24
562 2529 658 2571 duc.

82 2599 124 2633 R.
143 2610 202 2641 ap.
221 2598 256 2631 S.
278 2597 326 2631 M.
346 2597 394 2632 M.
414 2597 484 2632 XII
503 2596 575 2631 kal.
595 2596 689 2636 Aug.
709 2597 793 2629 1646
812 2594 852 2627 Ρ.
875 2604 934 2627 311.
954 2594 999 2628 ’11.

1244 2685 1336 2728 Req.
1353 2684 1442 2718 bun.
1471 2684 1530 2719 Vl.
1548 2687 1602 2719 93.
1625 2684 1659 2719 b.

168 2802 240 2845 15.
261 2798 409 2851 Congr.
433 2797 475 2839 S.
498 2796 583 2838 Rit.
601 2820 626 2826 -
647 2795 872 2836 Decretum
893 2772 944 2834 de
960 2792 1094 2834 officio
1115 2791 1156 2833 S.
1174 2791 1327 2844 Ignatii
1347 2790 1594 2845 apponendo
1609 2791 1652 2830 in

85 2870 326 2912 kalendario
347 2874 388 2911 et
409 2869 522 2909 breV.
547 2867 669 2908 Rom.

85 2939 124 2971 31
142 2936 209 2971 1111.
231 2939 326 2972 1646.
1402 2971 1553 3006 Εισῃεή,
1573 2972 1660 3006 bun,

1558 3028 1599 3061 23
