<?xml version="1.0" encoding="UTF-8"?>
<!DOCTYPE html PUBLIC "-//W3C//DTD XHTML 1.0 Transitional//EN"
    "http://www.w3.org/TR/xhtml1/DTD/xhtml1-transitional.dtd">
<html xmlns="http://www.w3.org/1999/xhtml" xml:lang="en" lang="en">
 <head>
  <title>
</title>
<meta http-equiv="Content-Type" content="text/html;charset=utf-8" />
  <meta name='ocr-system' content='tesseract 3.04.00' />
  <meta name='ocr-capabilities' content='ocr_page ocr_carea ocr_par ocr_line ocrx_word'/>
</head>
<body>
  <div class='ocr_page' id='page_1' title='image "./synopsisactorums02delp_0266.png"; bbox 0 0 1989 3252; ppageno 0'>
   <div class='ocr_carea' id='block_1_1' title="bbox 248 192 1833 242">
    <p class='ocr_par' dir='ltr' id='par_1_1' title="bbox 248 192 1833 242">
     <span class='ocr_line' id='line_1_1' title="bbox 248 192 1833 242; baseline 0.001 -5"><span class='ocrx_word' id='word_1_1' title='bbox 248 193 421 237; x_wconf 83' lang='lat' dir='ltr'>Bened.</span> <span class='ocrx_word' id='word_1_2' title='bbox 445 192 572 236; x_wconf 90' lang='lat' dir='ltr'><strong>XIV.</strong></span> <span class='ocrx_word' id='word_1_3' title='bbox 920 216 976 224; x_wconf 95' lang='lat'><strong>—</strong></span> <span class='ocrx_word' id='word_1_4' title='bbox 1003 194 1085 234; x_wconf 89' lang='grc'>480</span> <span class='ocrx_word' id='word_1_5' title='bbox 1116 217 1170 223; x_wconf 85' lang='lat'>-</span> <span class='ocrx_word' id='word_1_6' title='bbox 1703 198 1833 242; x_wconf 78' lang='lat'>1758.</span> 
     </span>
    </p>
   </div>
   <div class='ocr_carea' id='block_1_2' title="bbox 246 277 1837 902">
    <p class='ocr_par' dir='ltr' id='par_1_2' title="bbox 246 277 1837 902">
     <span class='ocr_line' id='line_1_2' title="bbox 248 277 1835 334; baseline 0.003 -16"><span class='ocrx_word' id='word_1_7' title='bbox 248 284 422 330; x_wconf 84' lang='lat' dir='ltr'>urgente</span> <span class='ocrx_word' id='word_1_8' title='bbox 443 278 600 330; x_wconf 87' lang='lat' dir='ltr'>pluries</span> <span class='ocrx_word' id='word_1_9' title='bbox 623 277 867 320; x_wconf 78' lang='lat' dir='ltr'>Lusitaniae</span> <span class='ocrx_word' id='word_1_10' title='bbox 887 280 1020 332; x_wconf 87' lang='lat' dir='ltr'>curia,</span> <span class='ocrx_word' id='word_1_11' title='bbox 1045 279 1286 333; x_wconf 84' lang='lat' dir='ltr'>compulsus</span> <span class='ocrx_word' id='word_1_12' title='bbox 1306 280 1471 334; x_wconf 77' lang='lat' dir='ltr'>tribuit,</span> <span class='ocrx_word' id='word_1_13' title='bbox 1495 294 1570 334; x_wconf 90' lang='lat' dir='ltr'>per</span> <span class='ocrx_word' id='word_1_14' title='bbox 1590 281 1835 324; x_wconf 83' lang='lat' dir='ltr'>adiunctum</span> 
     </span>
     <span class='ocr_line' id='line_1_3' title="bbox 249 349 1836 406; baseline 0.003 -17"><span class='ocrx_word' id='word_1_15' title='bbox 249 350 396 401; x_wconf 86' lang='lat' dir='ltr'>Breve,</span> <span class='ocrx_word' id='word_1_16' title='bbox 420 349 642 391; x_wconf 80' lang='lat' dir='ltr'>facultates</span> <span class='ocrx_word' id='word_1_17' title='bbox 678 351 939 392; x_wconf 87' lang='lat' dir='ltr'>necessarias</span> <span class='ocrx_word' id='word_1_18' title='bbox 959 349 1013 391; x_wconf 87' lang='lat' dir='ltr'>ad</span> <span class='ocrx_word' id='word_1_19' title='bbox 1048 350 1316 404; x_wconf 89' lang='lat' dir='ltr'>medendum,</span> <span class='ocrx_word' id='word_1_20' title='bbox 1340 353 1375 393; x_wconf 88' lang='lat' dir='ltr'>si</span> <span class='ocrx_word' id='word_1_21' title='bbox 1410 366 1514 406; x_wconf 90' lang='lat' dir='ltr'>opus</span> <span class='ocrx_word' id='word_1_22' title='bbox 1541 353 1611 405; x_wconf 89' lang='lat' dir='ltr'>sit,</span> <span class='ocrx_word' id='word_1_23' title='bbox 1635 351 1836 394; x_wconf 83' lang='lat' dir='ltr'>abusibus</span> 
     </span>
     <span class='ocr_line' id='line_1_4' title="bbox 249 419 1836 478; baseline 0.004 -19"><span class='ocrx_word' id='word_1_24' title='bbox 249 421 321 474; x_wconf 88' lang='lat' dir='ltr'>qui</span> <span class='ocrx_word' id='word_1_25' title='bbox 343 422 385 460; x_wconf 91' lang='lat' dir='ltr'>in</span> <span class='ocrx_word' id='word_1_26' title='bbox 406 419 672 462; x_wconf 84' lang='lat' dir='ltr'>observantia</span> <span class='ocrx_word' id='word_1_27' title='bbox 707 420 899 463; x_wconf 85' lang='lat' dir='ltr'>Instituti</span> <span class='ocrx_word' id='word_1_28' title='bbox 921 421 962 463; x_wconf 84' lang='lat' dir='ltr'>S.</span> <span class='ocrx_word' id='word_1_29' title='bbox 987 421 1021 463; x_wconf 93' lang='grc' dir='ltr'>Ι.</span> <span class='ocrx_word' id='word_1_30' title='bbox 1043 426 1108 464; x_wconf 88' lang='lat' dir='ltr'>tot</span> <span class='ocrx_word' id='word_1_31' title='bbox 1142 423 1242 463; x_wconf 89' lang='lat' dir='ltr'>viris</span> <span class='ocrx_word' id='word_1_32' title='bbox 1278 423 1454 464; x_wconf 89' lang='lat' dir='ltr'>illustris</span> <span class='ocrx_word' id='word_1_33' title='bbox 1489 423 1650 465; x_wconf 89' lang='lat' dir='ltr'>inducti</span> <span class='ocrx_word' id='word_1_34' title='bbox 1685 438 1836 478; x_wconf 91' lang='lat' dir='ltr'>suppo-</span> 
     </span>
     <span class='ocr_line' id='line_1_5' title="bbox 248 490 1835 550; baseline 0.003 -18"><span class='ocrx_word' id='word_1_35' title='bbox 248 497 419 533; x_wconf 87' lang='lat' dir='ltr'>nuntur.</span> <span class='ocrx_word' id='word_1_36' title='bbox 462 490 738 534; x_wconf 84' lang='lat' dir='ltr'>Commendat</span> <span class='ocrx_word' id='word_1_37' title='bbox 777 492 1080 546; x_wconf 85' lang='lat' dir='ltr'>benignitatem</span> <span class='ocrx_word' id='word_1_38' title='bbox 1130 495 1173 534; x_wconf 89' lang='lat' dir='ltr'>in</span> <span class='ocrx_word' id='word_1_39' title='bbox 1219 493 1431 536; x_wconf 86' lang='lat' dir='ltr'>visitanda</span> <span class='ocrx_word' id='word_1_40' title='bbox 1478 494 1678 548; x_wconf 82' lang='lat' dir='ltr'>religione</span> <span class='ocrx_word' id='word_1_41' title='bbox 1726 509 1835 550; x_wconf 87' lang='lat' dir='ltr'>quae</span> 
     </span>
     <span class='ocr_line' id='line_1_6' title="bbox 247 563 1837 619; baseline 0.003 -15"><span class='ocrx_word' id='word_1_42' title='bbox 247 576 437 604; x_wconf 90' lang='lat' dir='ltr'>summae</span> <span class='ocrx_word' id='word_1_43' title='bbox 471 576 637 617; x_wconf 86' lang='lat' dir='ltr'>semper</span> <span class='ocrx_word' id='word_1_44' title='bbox 671 563 752 604; x_wconf 85' lang='lat' dir='ltr'>fuit</span> <span class='ocrx_word' id='word_1_45' title='bbox 786 563 1103 616; x_wconf 84' lang='lat' dir='ltr'>aedificationi3</span> <span class='ocrx_word' id='word_1_46' title='bbox 1137 578 1189 607; x_wconf 86' lang='lat' dir='ltr'>ne</span> <span class='ocrx_word' id='word_1_47' title='bbox 1224 579 1373 619; x_wconf 85' lang='lat' dir='ltr'>parvos</span> <span class='ocrx_word' id='word_1_48' title='bbox 1408 565 1564 607; x_wconf 89' lang='lat' dir='ltr'>abusus</span> <span class='ocrx_word' id='word_1_49' title='bbox 1600 565 1837 609; x_wconf 85' lang='lat' dir='ltr'>dissimulet</span> 
     </span>
     <span class='ocr_line' id='line_1_7' title="bbox 247 634 1835 691; baseline 0.003 -16"><span class='ocrx_word' id='word_1_50' title='bbox 247 634 319 676; x_wconf 87' lang='lat' dir='ltr'>sed</span> <span class='ocrx_word' id='word_1_51' title='bbox 369 636 550 688; x_wconf 91' lang='lat' dir='ltr'>primum</span> <span class='ocrx_word' id='word_1_52' title='bbox 593 635 780 689; x_wconf 87' lang='lat' dir='ltr'>inquirat</span> <span class='ocrx_word' id='word_1_53' title='bbox 819 640 960 677; x_wconf 86' lang='lat' dir='ltr'>utrum</span> <span class='ocrx_word' id='word_1_54' title='bbox 1000 637 1089 677; x_wconf 88' lang='lat' dir='ltr'>veri</span> <span class='ocrx_word' id='word_1_55' title='bbox 1129 637 1422 690; x_wconf 88' lang='lat' dir='ltr'>imputentur;</span> <span class='ocrx_word' id='word_1_56' title='bbox 1464 637 1515 679; x_wconf 88' lang='lat' dir='ltr'>de</span> <span class='ocrx_word' id='word_1_57' title='bbox 1555 639 1835 691; x_wconf 85' lang='lat' dir='ltr'>negotiatione</span> 
     </span>
     <span class='ocr_line' id='line_1_8' title="bbox 247 706 1834 764; baseline 0.003 -17"><span class='ocrx_word' id='word_1_58' title='bbox 247 721 391 761; x_wconf 85' lang='lat' dir='ltr'>quam,</span> <span class='ocrx_word' id='word_1_59' title='bbox 429 712 475 747; x_wconf 90' lang='lat' dir='ltr'>ut</span> <span class='ocrx_word' id='word_1_60' title='bbox 517 707 652 759; x_wconf 88' lang='lat' dir='ltr'>aiunt,</span> <span class='ocrx_word' id='word_1_61' title='bbox 694 711 893 748; x_wconf 81' lang='lat' dir='ltr'>exercent</span> <span class='ocrx_word' id='word_1_62' title='bbox 932 707 996 747; x_wconf 89' lang='lat' dir='ltr'>illi</span> <span class='ocrx_word' id='word_1_63' title='bbox 1036 706 1234 760; x_wconf 83' lang='lat' dir='ltr'>religiosi,</span> <span class='ocrx_word' id='word_1_64' title='bbox 1272 706 1595 761; x_wconf 85' lang='lat' dir='ltr'>diligentissime</span> <span class='ocrx_word' id='word_1_65' title='bbox 1634 710 1834 764; x_wconf 84' lang='lat' dir='ltr'>inquirat,</span> 
     </span>
     <span class='ocr_line' id='line_1_9' title="bbox 247 777 1837 833; baseline 0.003 -13"><span class='ocrx_word' id='word_1_66' title='bbox 247 778 452 820; x_wconf 87' lang='lat' dir='ltr'>mittendo</span> <span class='ocrx_word' id='word_1_67' title='bbox 474 777 690 832; x_wconf 85' lang='lat' dir='ltr'>delegatos</span> <span class='ocrx_word' id='word_1_68' title='bbox 706 779 778 833; x_wconf 90' lang='lat' dir='ltr'>qui</span> <span class='ocrx_word' id='word_1_69' title='bbox 798 792 882 821; x_wconf 92' lang='lat' dir='ltr'>non</span> <span class='ocrx_word' id='word_1_70' title='bbox 903 778 1089 820; x_wconf 84' lang='lat' dir='ltr'>humano</span> <span class='ocrx_word' id='word_1_71' title='bbox 1111 784 1307 833; x_wconf 86' lang='lat' dir='ltr'>respectu</span> <span class='ocrx_word' id='word_1_72' title='bbox 1322 779 1397 821; x_wconf 89' lang='lat' dir='ltr'>sed</span> <span class='ocrx_word' id='word_1_73' title='bbox 1413 781 1589 823; x_wconf 85' lang='lat' dir='ltr'>caritate</span> <span class='ocrx_word' id='word_1_74' title='bbox 1606 781 1837 824; x_wconf 87' lang='lat' dir='ltr'>christiana</span> 
     </span>
     <span class='ocr_line' id='line_1_10' title="bbox 246 849 1834 902; baseline 0.002 -10"><span class='ocrx_word' id='word_1_75' title='bbox 246 851 468 902; x_wconf 85' lang='lat' dir='ltr'>ducantur,</span> <span class='ocrx_word' id='word_1_76' title='bbox 492 849 643 892; x_wconf 88' lang='lat' dir='ltr'>deinde</span> <span class='ocrx_word' id='word_1_77' title='bbox 664 850 719 892; x_wconf 88' lang='lat' dir='ltr'>ad</span> <span class='ocrx_word' id='word_1_78' title='bbox 739 849 781 893; x_wconf 85' lang='lat' dir='ltr'>S.</span> <span class='ocrx_word' id='word_1_79' title='bbox 804 850 952 893; x_wconf 80' lang='lat' dir='ltr'>Sedem</span> <span class='ocrx_word' id='word_1_80' title='bbox 984 850 1154 893; x_wconf 85' lang='lat' dir='ltr'>referat.</span> <span class='ocrx_word' id='word_1_81' title='bbox 1179 851 1214 892; x_wconf 81' lang='lat' dir='ltr'><strong>A</strong></span> <span class='ocrx_word' id='word_1_82' title='bbox 1244 850 1669 894; x_wconf 85' lang='lat' dir='ltr'>determinationibus</span> <span class='ocrx_word' id='word_1_83' title='bbox 1689 853 1834 895; x_wconf 86' lang='lat' dir='ltr'>Brevis</span> 
     </span>
    </p>
   </div>
   <div class='ocr_carea' id='block_1_3' title="bbox 244 921 734 1033">
    <p class='ocr_par' dir='ltr' id='par_1_3' title="bbox 244 921 734 1033">
     <span class='ocr_line' id='line_1_11' title="bbox 245 921 734 977; baseline 0 -13"><span class='ocrx_word' id='word_1_84' title='bbox 245 935 512 977; x_wconf 87' lang='lat' dir='ltr'>nequaquam</span> <span class='ocrx_word' id='word_1_85' title='bbox 533 921 734 964; x_wconf 86' lang='lat' dir='ltr'>discedat.</span> 
     </span>
     <span class='ocr_line' id='line_1_12' title="bbox 244 990 482 1033; baseline -0.013 -8"><span class='ocrx_word' id='word_1_86' title='bbox 244 990 363 1033; x_wconf 72' lang='lat' dir='ltr'>IApr.</span> <span class='ocrx_word' id='word_1_87' title='bbox 386 991 482 1024; x_wconf 86' lang='lat'>1758.</span> 
     </span>
    </p>
   </div>
   <div class='ocr_carea' id='block_1_4' title="bbox 243 1100 1594 1146">
    <p class='ocr_par' dir='ltr' id='par_1_4' title="bbox 243 1100 1594 1146">
     <span class='ocr_line' id='line_1_13' title="bbox 243 1100 1594 1146; baseline 0.003 -13"><span class='ocrx_word' id='word_1_88' title='bbox 243 1102 294 1134; x_wconf 79' lang='lat' dir='ltr'>De</span> <span class='ocrx_word' id='word_1_89' title='bbox 311 1101 528 1143; x_wconf 64' lang='lat' dir='ltr'>Ravignan.</span> <span class='ocrx_word' id='word_1_90' title='bbox 551 1100 664 1136; x_wconf 84' lang='lat' dir='ltr'>Clem.</span> <span class='ocrx_word' id='word_1_91' title='bbox 684 1100 778 1135; x_wconf 89' lang='lat' dir='ltr'><em>XIII</em></span> <span class='ocrx_word' id='word_1_92' title='bbox 795 1107 829 1135; x_wconf 78' lang='lat' dir='ltr'>et</span> <span class='ocrx_word' id='word_1_93' title='bbox 850 1100 1014 1136; x_wconf 76' lang='lat' dir='ltr'>Cle&#39;ment</span> <span class='ocrx_word' id='word_1_94' title='bbox 1033 1101 1089 1137; x_wconf 90' lang='lat' dir='ltr'>XI</span> <span class='ocrx_word' id='word_1_95' title='bbox 1099 1102 1137 1144; x_wconf 90' lang='lat' dir='ltr'>V,</span> <span class='ocrx_word' id='word_1_96' title='bbox 1158 1102 1272 1136; x_wconf 76' lang='lat' dir='ltr'>Paris</span> <span class='ocrx_word' id='word_1_97' title='bbox 1291 1105 1389 1143; x_wconf 83' lang='lat'>1854,</span> <span class='ocrx_word' id='word_1_98' title='bbox 1410 1103 1455 1136; x_wconf 86' lang='lat' dir='ltr'>II</span> <span class='ocrx_word' id='word_1_99' title='bbox 1459 1129 1464 1135; x_wconf 96' lang='lat'>.</span> <span class='ocrx_word' id='word_1_100' title='bbox 1486 1115 1519 1146; x_wconf 90' lang='lat' dir='ltr'>p.</span> <span class='ocrx_word' id='word_1_101' title='bbox 1540 1105 1594 1138; x_wconf 78' lang='lat'>25.</span> 
     </span>
    </p>
   </div>
   <div class='ocr_carea' id='block_1_5' title="bbox 244 1210 1833 1551">
    <p class='ocr_par' dir='ltr' id='par_1_5' title="bbox 244 1210 1833 1551">
     <span class='ocr_line' id='line_1_14' title="bbox 327 1210 1828 1268; baseline -0.002 -12"><span class='ocrx_word' id='word_1_102' title='bbox 327 1213 394 1256; x_wconf 76' lang='lat'>76.</span> <span class='ocrx_word' id='word_1_103' title='bbox 429 1217 481 1254; x_wconf 73' lang='lat' dir='ltr'>In</span> <span class='ocrx_word' id='word_1_104' title='bbox 502 1214 688 1267; x_wconf 78' lang='lat' dir='ltr'>specula</span> <span class='ocrx_word' id='word_1_105' title='bbox 707 1226 969 1268; x_wconf 72' lang='lat' dir='ltr'>supremae.</span> <span class='ocrx_word' id='word_1_106' title='bbox 993 1236 1019 1242; x_wconf 91' lang='lat'>-</span> <span class='ocrx_word' id='word_1_107' title='bbox 1040 1210 1142 1254; x_wconf 88' lang='lat' dir='ltr'>Ben.</span> <span class='ocrx_word' id='word_1_108' title='bbox 1166 1210 1282 1264; x_wconf 89' lang='lat' dir='ltr'>XIV,</span> <span class='ocrx_word' id='word_1_109' title='bbox 1306 1215 1476 1265; x_wconf 88' lang='lat' dir='ltr'>petente</span> <span class='ocrx_word' id='word_1_110' title='bbox 1505 1211 1686 1266; x_wconf 89' lang='lat' dir='ltr'>Iosepho</span> <span class='ocrx_word' id='word_1_111' title='bbox 1716 1212 1828 1254; x_wconf 88' lang='lat' dir='ltr'>Port.</span> 
     </span>
     <span class='ocr_line' id='line_1_15' title="bbox 245 1281 1828 1335; baseline 0.002 -13"><span class='ocrx_word' id='word_1_112' title='bbox 245 1288 287 1323; x_wconf 89' lang='lat' dir='ltr'>et</span> <span class='ocrx_word' id='word_1_113' title='bbox 321 1281 493 1335; x_wconf 88' lang='lat' dir='ltr'>Algarb.</span> <span class='ocrx_word' id='word_1_114' title='bbox 531 1295 627 1335; x_wconf 84' lang='lat' dir='ltr'>rege</span> <span class='ocrx_word' id='word_1_115' title='bbox 663 1281 924 1335; x_wconf 89' lang='lat' dir='ltr'>fidelissimo,</span> <span class='ocrx_word' id='word_1_116' title='bbox 949 1282 1175 1324; x_wconf 85' lang='lat' dir='ltr'>Francisco</span> <span class='ocrx_word' id='word_1_117' title='bbox 1210 1282 1333 1325; x_wconf 90' lang='lat' dir='ltr'>Card.</span> <span class='ocrx_word' id='word_1_118' title='bbox 1372 1282 1423 1325; x_wconf 92' lang='lat' dir='ltr'>de</span> <span class='ocrx_word' id='word_1_119' title='bbox 1458 1282 1669 1326; x_wconf 86' lang='lat' dir='ltr'>Saldanha</span> <span class='ocrx_word' id='word_1_120' title='bbox 1703 1297 1828 1325; x_wconf 89' lang='lat' dir='ltr'>nunc.</span> 
     </span>
     <span class='ocr_line' id='line_1_16' title="bbox 245 1353 1833 1409; baseline 0.001 -15"><span class='ocrx_word' id='word_1_121' title='bbox 245 1367 398 1394; x_wconf 90' lang='lat' dir='ltr'>munus</span> <span class='ocrx_word' id='word_1_122' title='bbox 432 1354 662 1395; x_wconf 86' lang='lat' dir='ltr'>visitatoris</span> <span class='ocrx_word' id='word_1_123' title='bbox 697 1354 914 1408; x_wconf 87' lang='lat' dir='ltr'>apostolici</span> <span class='ocrx_word' id='word_1_124' title='bbox 949 1358 992 1395; x_wconf 87' lang='lat' dir='ltr'>et</span> <span class='ocrx_word' id='word_1_125' title='bbox 1025 1354 1312 1396; x_wconf 88' lang='lat' dir='ltr'>reformatoris</span> <span class='ocrx_word' id='word_1_126' title='bbox 1348 1354 1482 1407; x_wconf 83' lang='lat' dir='ltr'>regul.</span> <span class='ocrx_word' id='word_1_127' title='bbox 1506 1353 1548 1396; x_wconf 84' lang='lat' dir='ltr'>S.</span> <span class='ocrx_word' id='word_1_128' title='bbox 1571 1353 1606 1396; x_wconf 95' lang='lat' dir='ltr'>I.</span> <span class='ocrx_word' id='word_1_129' title='bbox 1631 1355 1675 1396; x_wconf 88' lang='lat' dir='ltr'>in</span> <span class='ocrx_word' id='word_1_130' title='bbox 1695 1356 1833 1409; x_wconf 87' lang='lat' dir='ltr'>regnis</span> 
     </span>
     <span class='ocr_line' id='line_1_17' title="bbox 244 1424 1833 1481; baseline 0.002 -15"><span class='ocrx_word' id='word_1_131' title='bbox 244 1426 372 1466; x_wconf 85' lang='lat' dir='ltr'>etiam</span> <span class='ocrx_word' id='word_1_132' title='bbox 394 1424 612 1467; x_wconf 88' lang='lat' dir='ltr'>Indiarum</span> <span class='ocrx_word' id='word_1_133' title='bbox 634 1425 676 1468; x_wconf 85' lang='lat' dir='ltr'>d.</span> <span class='ocrx_word' id='word_1_134' title='bbox 699 1426 786 1479; x_wconf 84' lang='lat' dir='ltr'>regi</span> <span class='ocrx_word' id='word_1_135' title='bbox 807 1425 1009 1467; x_wconf 86' lang='lat' dir='ltr'>subiectis</span> <span class='ocrx_word' id='word_1_136' title='bbox 1029 1426 1258 1467; x_wconf 85' lang='lat' dir='ltr'>committit</span> <span class='ocrx_word' id='word_1_137' title='bbox 1278 1442 1286 1479; x_wconf 84' lang='lat'><em>3</em></span> <span class='ocrx_word' id='word_1_138' title='bbox 1311 1426 1346 1467; x_wconf 90' lang='lat' dir='ltr'>si</span> <span class='ocrx_word' id='word_1_139' title='bbox 1373 1439 1482 1480; x_wconf 89' lang='lat' dir='ltr'>quae</span> <span class='ocrx_word' id='word_1_140' title='bbox 1501 1427 1694 1480; x_wconf 86' lang='lat' dir='ltr'>graviora</span> <span class='ocrx_word' id='word_1_141' title='bbox 1714 1440 1833 1481; x_wconf 88' lang='lat' dir='ltr'>repe-</span> 
     </span>
     <span class='ocr_line' id='line_1_18' title="bbox 244 1496 1833 1551; baseline 0.002 -14"><span class='ocrx_word' id='word_1_142' title='bbox 244 1498 360 1548; x_wconf 88' lang='lat' dir='ltr'>rerit,</span> <span class='ocrx_word' id='word_1_143' title='bbox 383 1496 461 1538; x_wconf 90' lang='lat' dir='ltr'>sub</span> <span class='ocrx_word' id='word_1_144' title='bbox 496 1496 633 1551; x_wconf 87' lang='lat' dir='ltr'>sigillo</span> <span class='ocrx_word' id='word_1_145' title='bbox 667 1497 813 1539; x_wconf 86' lang='lat' dir='ltr'>clausa</span> <span class='ocrx_word' id='word_1_146' title='bbox 833 1497 887 1539; x_wconf 90' lang='lat' dir='ltr'>ad</span> <span class='ocrx_word' id='word_1_147' title='bbox 908 1511 952 1539; x_wconf 88' lang='lat' dir='ltr'>se</span> <span class='ocrx_word' id='word_1_148' title='bbox 986 1498 1216 1540; x_wconf 81' lang='lat' dir='ltr'>transmitti</span> <span class='ocrx_word' id='word_1_149' title='bbox 1237 1497 1329 1540; x_wconf 87' lang='lat' dir='ltr'>vult</span> <span class='ocrx_word' id='word_1_150' title='bbox 1360 1503 1408 1539; x_wconf 87' lang='lat' dir='ltr'>ut</span> <span class='ocrx_word' id='word_1_151' title='bbox 1438 1502 1606 1540; x_wconf 87' lang='lat' dir='ltr'>matura</span> <span class='ocrx_word' id='word_1_152' title='bbox 1626 1498 1833 1540; x_wconf 88' lang='lat' dir='ltr'>delibera-</span> 
     </span>
    </p>
   </div>
   <div class='ocr_carea' id='block_1_6' title="bbox 241 1568 1090 1680">
    <p class='ocr_par' dir='ltr' id='par_1_6' title="bbox 241 1568 1090 1680">
     <span class='ocr_line' id='line_1_19' title="bbox 242 1568 592 1611; baseline 0.003 -2"><span class='ocrx_word' id='word_1_153' title='bbox 242 1569 357 1610; x_wconf 89' lang='lat' dir='ltr'>tione</span> <span class='ocrx_word' id='word_1_154' title='bbox 378 1568 592 1611; x_wconf 84' lang='lat' dir='ltr'>decernat.</span> 
     </span>
     <span class='ocr_line' id='line_1_20' title="bbox 241 1634 1090 1680; baseline 0.002 -11"><span class='ocrx_word' id='word_1_155' title='bbox 241 1634 285 1669; x_wconf 90' lang='lat' dir='ltr'>R.</span> <span class='ocrx_word' id='word_1_156' title='bbox 305 1646 362 1678; x_wconf 85' lang='lat' dir='ltr'>ap.</span> <span class='ocrx_word' id='word_1_157' title='bbox 383 1634 417 1670; x_wconf 89' lang='lat' dir='ltr'>S.</span> <span class='ocrx_word' id='word_1_158' title='bbox 438 1635 487 1670; x_wconf 90' lang='lat' dir='ltr'>M.</span> <span class='ocrx_word' id='word_1_159' title='bbox 507 1635 557 1671; x_wconf 91' lang='lat' dir='ltr'>M.</span> <span class='ocrx_word' id='word_1_160' title='bbox 577 1634 593 1670; x_wconf 95' lang='lat' dir='ltr'>I</span> <span class='ocrx_word' id='word_1_161' title='bbox 611 1637 696 1680; x_wconf 86' lang='lat' dir='ltr'>Apr.</span> <span class='ocrx_word' id='word_1_162' title='bbox 718 1638 803 1671; x_wconf 86' lang='lat'>1758</span> <span class='ocrx_word' id='word_1_163' title='bbox 820 1635 861 1669; x_wconf 90' lang='lat' dir='ltr'>P.</span> <span class='ocrx_word' id='word_1_164' title='bbox 881 1646 940 1669; x_wconf 81' lang='lat' dir='ltr'>an.</span> <span class='ocrx_word' id='word_1_165' title='bbox 960 1635 1090 1671; x_wconf 88' lang='lat' dir='ltr'>XVHI.</span> 
     </span>
    </p>
   </div>
   <div class='ocr_carea' id='block_1_7' title="bbox 240 1743 1073 1788">
    <p class='ocr_par' dir='ltr' id='par_1_7' title="bbox 240 1743 1073 1788">
     <span class='ocr_line' id='line_1_21' title="bbox 240 1743 1073 1788; baseline 0.002 -11"><span class='ocrx_word' id='word_1_166' title='bbox 240 1744 340 1778; x_wconf 77' lang='lat' dir='ltr'>Buzc.</span> <span class='ocrx_word' id='word_1_167' title='bbox 362 1743 456 1780; x_wconf 77' lang='lat' dir='ltr'>Ben.</span> <span class='ocrx_word' id='word_1_168' title='bbox 474 1744 531 1779; x_wconf 88' lang='lat' dir='ltr'>XI</span> <span class='ocrx_word' id='word_1_169' title='bbox 543 1744 581 1785; x_wconf 84' lang='lat' dir='ltr'>V,</span> <span class='ocrx_word' id='word_1_170' title='bbox 610 1744 697 1780; x_wconf 80' lang='lat' dir='ltr'>Ven.</span> <span class='ocrx_word' id='word_1_171' title='bbox 718 1747 816 1780; x_wconf 84' lang='lat'>1784.</span> <span class='ocrx_word' id='word_1_172' title='bbox 836 1748 861 1780; x_wconf 85' lang='lat' dir='ltr'>t.</span> <span class='ocrx_word' id='word_1_173' title='bbox 882 1747 924 1780; x_wconf 87' lang='grc'>10</span> <span class='ocrx_word' id='word_1_174' title='bbox 942 1756 975 1788; x_wconf 87' lang='lat' dir='ltr'>p.</span> <span class='ocrx_word' id='word_1_175' title='bbox 997 1747 1073 1780; x_wconf 90' lang='grc'><strong>101.</strong></span> 
     </span>
    </p>
   </div>
   <div class='ocr_carea' id='block_1_8' title="bbox 240 1834 1830 1980">
    <p class='ocr_par' dir='ltr' id='par_1_8' title="bbox 240 1834 1830 1980">
     <span class='ocr_line' id='line_1_22' title="bbox 322 1834 1826 1908; baseline 0 -12"><span class='ocrx_word' id='word_1_176' title='bbox 322 1856 388 1899; x_wconf 74' lang='grc'>77.</span> <span class='ocrx_word' id='word_1_177' title='bbox 423 1834 649 1895; x_wconf 84' lang='lat' dir='ltr'>Decretum</span> <span class='ocrx_word' id='word_1_178' title='bbox 671 1852 741 1895; x_wconf 84' lang='lat' dir='ltr'>SS.</span> <span class='ocrx_word' id='word_1_179' title='bbox 770 1852 819 1895; x_wconf 91' lang='lat' dir='ltr'>D.</span> <span class='ocrx_word' id='word_1_180' title='bbox 844 1852 898 1896; x_wconf 85' lang='lat' dir='ltr'>N.</span> <span class='ocrx_word' id='word_1_181' title='bbox 923 1852 1025 1895; x_wconf 87' lang='lat' dir='ltr'>Ben.</span> <span class='ocrx_word' id='word_1_182' title='bbox 1050 1851 1148 1894; x_wconf 92' lang='lat' dir='ltr'>XIV</span> <span class='ocrx_word' id='word_1_183' title='bbox 1172 1853 1215 1894; x_wconf 91' lang='lat' dir='ltr'>in</span> <span class='ocrx_word' id='word_1_184' title='bbox 1246 1866 1375 1895; x_wconf 89' lang='lat' dir='ltr'>causa</span> <span class='ocrx_word' id='word_1_185' title='bbox 1405 1853 1616 1908; x_wconf 86' lang='lat' dir='ltr'>Neapolit.</span> <span class='ocrx_word' id='word_1_186' title='bbox 1644 1854 1826 1897; x_wconf 88' lang='lat' dir='ltr'>beatific.</span> 
     </span>
     <span class='ocr_line' id='line_1_23' title="bbox 240 1924 1830 1980; baseline 0.001 -14"><span class='ocrx_word' id='word_1_187' title='bbox 240 1930 282 1966; x_wconf 91' lang='lat' dir='ltr'>et</span> <span class='ocrx_word' id='word_1_188' title='bbox 301 1926 489 1967; x_wconf 87' lang='lat' dir='ltr'>canoniz.</span> <span class='ocrx_word' id='word_1_189' title='bbox 513 1938 608 1966; x_wconf 87' lang='lat' dir='ltr'>ven.</span> <span class='ocrx_word' id='word_1_190' title='bbox 633 1924 673 1967; x_wconf 90' lang='lat' dir='ltr'>S.</span> <span class='ocrx_word' id='word_1_191' title='bbox 699 1924 750 1967; x_wconf 87' lang='lat' dir='ltr'>D.</span> <span class='ocrx_word' id='word_1_192' title='bbox 773 1924 843 1966; x_wconf 90' lang='lat' dir='ltr'>Fr.</span> <span class='ocrx_word' id='word_1_193' title='bbox 867 1924 919 1966; x_wconf 91' lang='lat' dir='ltr'>de</span> <span class='ocrx_word' id='word_1_194' title='bbox 940 1924 1202 1978; x_wconf 85' lang='lat' dir='ltr'>Hieronymo</span> <span class='ocrx_word' id='word_1_195' title='bbox 1223 1938 1306 1967; x_wconf 89' lang='lat' dir='ltr'>sac.</span> <span class='ocrx_word' id='word_1_196' title='bbox 1333 1925 1438 1980; x_wconf 91' lang='lat' dir='ltr'>prof.</span> <span class='ocrx_word' id='word_1_197' title='bbox 1463 1925 1502 1967; x_wconf 85' lang='lat' dir='ltr'>S.</span> <span class='ocrx_word' id='word_1_198' title='bbox 1529 1925 1565 1967; x_wconf 90' lang='grc' dir='ltr'>Ι.</span> <span class='ocrx_word' id='word_1_199' title='bbox 1594 1942 1601 1968; x_wconf 91' lang='lat'><strong>:</strong></span> <span class='ocrx_word' id='word_1_200' title='bbox 1627 1926 1830 1968; x_wconf 83' lang='lat' dir='ltr'>Constare</span> 
     </span>
    </p>
   </div>
   <div class='ocr_carea' id='block_1_9' title="bbox 242 1995 1016 2099">
    <p class='ocr_par' dir='ltr' id='par_1_9' title="bbox 242 1995 1016 2099">
     <span class='ocr_line' id='line_1_24' title="bbox 242 1995 1016 2050; baseline 0 -12"><span class='ocrx_word' id='word_1_201' title='bbox 242 1997 294 2038; x_wconf 95' lang='lat' dir='ltr'>de</span> <span class='ocrx_word' id='word_1_202' title='bbox 315 1997 591 2039; x_wconf 67' lang='lat' dir='ltr'>virtutibus..</span> <span class='ocrx_word' id='word_1_203' title='bbox 616 1997 659 2038; x_wconf 89' lang='lat' dir='ltr'>in</span> <span class='ocrx_word' id='word_1_204' title='bbox 680 1995 811 2050; x_wconf 89' lang='lat' dir='ltr'>gradu</span> <span class='ocrx_word' id='word_1_205' title='bbox 832 1996 1016 2039; x_wconf 86' lang='lat' dir='ltr'>heroico.</span> 
     </span>
     <span class='ocr_line' id='line_1_25' title="bbox 242 2062 774 2099; baseline 0 -2"><span class='ocrx_word' id='word_1_206' title='bbox 242 2064 268 2097; x_wconf 86' lang='lat' dir='ltr'>H</span> <span class='ocrx_word' id='word_1_207' title='bbox 288 2063 377 2098; x_wconf 82' lang='lat' dir='ltr'>Maii</span> <span class='ocrx_word' id='word_1_208' title='bbox 397 2066 481 2099; x_wconf 87' lang='grc'><strong>1758</strong></span> <span class='ocrx_word' id='word_1_209' title='bbox 498 2064 539 2098; x_wconf 85' lang='grc' dir='ltr'>Ρ.</span> <span class='ocrx_word' id='word_1_210' title='bbox 560 2074 621 2098; x_wconf 85' lang='lat' dir='ltr'>an.</span> <span class='ocrx_word' id='word_1_211' title='bbox 639 2062 774 2099; x_wconf 88' lang='lat' dir='ltr'>XVIII.</span> 
     </span>
    </p>
   </div>
   <div class='ocr_carea' id='block_1_10' title="bbox 239 2173 1065 2216">
    <p class='ocr_par' dir='ltr' id='par_1_10' title="bbox 239 2173 1065 2216">
     <span class='ocr_line' id='line_1_26' title="bbox 239 2173 1065 2216; baseline -0.001 -9"><span class='ocrx_word' id='word_1_212' title='bbox 239 2173 338 2208; x_wconf 68' lang='lat' dir='ltr'>Bure.</span> <span class='ocrx_word' id='word_1_213' title='bbox 359 2174 450 2208; x_wconf 81' lang='lat' dir='ltr'>Ben.</span> <span class='ocrx_word' id='word_1_214' title='bbox 470 2173 531 2207; x_wconf 88' lang='lat' dir='ltr'>XI</span> <span class='ocrx_word' id='word_1_215' title='bbox 541 2174 578 2209; x_wconf 89' lang='lat' dir='ltr'>V.</span> <span class='ocrx_word' id='word_1_216' title='bbox 605 2173 691 2208; x_wconf 77' lang='lat' dir='ltr'>Ven.</span> <span class='ocrx_word' id='word_1_217' title='bbox 713 2176 810 2210; x_wconf 80' lang='lat'>1784.</span> <span class='ocrx_word' id='word_1_218' title='bbox 830 2176 854 2208; x_wconf 82' lang='lat' dir='ltr'>t.</span> <span class='ocrx_word' id='word_1_219' title='bbox 877 2175 917 2208; x_wconf 89' lang='grc'><strong>10</strong></span> <span class='ocrx_word' id='word_1_220' title='bbox 936 2184 969 2216; x_wconf 85' lang='lat' dir='ltr'>p.</span> <span class='ocrx_word' id='word_1_221' title='bbox 992 2175 1065 2208; x_wconf 78' lang='lat'>104.</span> 
     </span>
    </p>
   </div>
  </div>
 </body>
</html>
