1989 3189
302 188 441 232 Pauli
462 188 515 232 V.
972 212 1026 216 —
1057 188 1136 228 228
1167 213 1223 218 —
1773 194 1906 239 1605.

382 278 420 320 1.
452 277 759 330 [tatellzyences-
779 290 918 330 quam
945 282 1149 319 Domino.
1174 301 1199 306 —
1229 276 1348 319 Paul.
1376 276 1409 318 V
1430 276 1597 318 officiali
1619 277 1889 322 Ebredunen.

302 346 528 386 committit
549 346 745 386 unionem
774 359 869 387 cum
899 345 994 387 0011.
1018 344 1058 388 S.
1084 347 1117 388 I.
1144 347 1433 389 Ebredunensi
1454 350 1664 402 prioratus
1685 349 1732 391 B.
1757 350 1815 393 M.
1841 352 1891 394 de

302 415 457 456 Palmis
479 416 525 457 O.
551 416 591 457 S.
616 416 723 469 Aug.
749 415 789 457 d.
814 415 945 458 dioec.
971 431 996 457 a
1016 417 1107 458 Jac.
1134 417 1353 460 Michaelis
1383 419 1481 460 cler.
1516 421 1888 474 commendatario,

299 485 352 527 ad
382 485 578 528 effectum
611 488 833 528 erectionis
864 487 902 528 d.
938 487 1101 540 collegii
1131 490 1344 543 resignati.
1369 490 1437 532 Fr.
1463 493 1516 533 24
1537 491 1633 533 duc.
1658 491 1888 546 Prioratus‚

298 571 381 598 non
402 558 704 610 conventualis,
727 558 898 600 collatio
920 559 972 600 ad
994 560 1239 613 archiepisc.
1265 560 1534 604 Ebreduneu.
1559 567 1735 616 spectat.

297 623 339 658 R.
358 634 416 666 ap.
438 623 472 657 S.
495 623 535 657 P.
556 624 622 659 VII
640 624 712 659 kal.
733 625 813 659 Iun.
836 627 920 659 1605
939 625 980 660 P.
1001 637 1060 659 an.
1084 627 1108 659 1.

1532 738 1620 782 Rey.
1640 738 1730 773 bzcll.
1749 739 1815 774 IV.
1834 742 1887 774 20.

377 857 419 900 2.
454 862 660 910 Aequum
675 861 958 911 reputamus.
978 881 1003 887 -
1018 856 1137 898 Paul.
1164 856 1199 897 V
1216 857 1438 899 confirmat
1453 871 1693 900 concessam
1711 872 1735 900 a
1752 857 1882 901 Clem.

293 925 397 966 VIII
428 925 485 967 id.
520 926 622 967 Maii
652 926 698 968 P.
732 940 801 968 an.
834 927 956 980 XIII,
988 929 1140 970 litteris
1174 934 1316 970 tamen
1346 929 1525 983 desuper
1553 944 1636 971 non
1667 931 1884 984 confectis,

290 999 487 1040 unionem
523 1012 618 1039 cum
653 999 749 1041 coll.
784 999 824 1041 S.
859 999 894 1041 I.
929 1000 1189 1042 Ruthenensi
1228 1001 1439 1054 prioratus
1474 1002 1631 1044 saecul.
1665 1002 1704 1044 S.
1736 1004 1886 1044 Boneti

289 1082 418 1122 prope
441 1072 483 1110 et
504 1073 626 1110 extra
646 1083 787 1111 muros
818 1084 913 1124 opp.
939 1069 1124 1112 Chiriaci
1146 1071 1366 1113 Mimaten.
1399 1072 1552 1126 dioec.,
1577 1074 1695 1115 cuius
1716 1074 1884 1116 collatio

290 1140 342 1181 ad
372 1144 551 1182 monast.
576 1140 617 1182 S.
643 1140 871 1183 Salvatoris
902 1155 1031 1196 prope
1062 1147 1104 1183 et
1132 1147 1254 1184 extra
1282 1143 1450 1185 eosdem
1472 1158 1613 1185 muros
1634 1144 1682 1186 Ο.
1709 1145 1735 1186 S
1775 1145 1879 1187 Ben.

287 1215 466 1264 spectat,
490 1211 543 1252 ab
564 1211 663 1252 Ant.
695 1211 837 1254 Clavel
858 1212 1004 1255 Priore
1034 1214 1247 1267 resignati.
1278 1215 1344 1256 Fr.
1377 1217 1431 1256 24
1453 1215 1546 1257 duc.
1571 1229 1714 1257 001008
1746 1216 1882 1258 eidem

287 1283 470 1325 Antonio
491 1285 711 1326 reservati.

282 1348 328 1383 R.
348 1360 406 1392 ap.
427 1349 462 1383 S.
484 1349 523 1384 P.
543 1350 594 1385 IV
611 1349 684 1384 kal.
704 1350 785 1385 Iun.
806 1353 891 1386 1605
910 1351 950 1386 Ρ.
972 1362 1031 1385 an.
1050 1353 1077 1388 I.

1472 1462 1557 1506 Rey.
1578 1463 1666 1497 bun.
1686 1463 1751 1497 IV.
1771 1466 1824 1498 75.
1846 1464 1878 1498 b.

368 1583 411 1627 3.
444 1586 630 1625 Ratione·
672 1587 899 1638 conyrzcz't.
942 1606 968 1611 -
1007 1580 1128 1622 Paul.
1171 1580 1207 1622 V
1247 1581 1405 1624 decano
1440 1582 1542 1624 0001.
1582 1583 1791 1626 Bisuntin.
1830 1598 1878 1626 ac

284 1652 453 1694 officiali
483 1651 679 1693 Bisuntin
709 1653 952 1705 committit,
975 1656 1023 1693 ut
1052 1653 1226 1694 attentis
1257 1654 1410 1695 litteris
1443 1654 1564 1696 Pauli
1594 1654 1636 1696 II
1662 1671 1670 1697 :
1698 1662 1805 1700 Cum
1827 1664 1875 1700 ῑη

283 1726 716 1780 omnibusjudc'ce'z's,
748 1738 988 1766 concessam
1025 1738 1050 1766 a
1085 1723 1216 1767 Clem.
1255 1725 1360 1767 VIII
1398 1726 1447 1767 17
1478 1726 1563 1769 kal.
1601 1726 1693 1768 Ian.
1726 1727 1773 1769 P.
1806 1740 1873 1769 an.

282 1795 388 1837 XIII
420 1796 682 1849 facultatem,
714 1796 890 1850 perinde
921 1810 970 1838 ac
999 1798 1034 1838 si
1064 1797 1103 1839 d.
1136 1797 1203 1838 die
1237 1797 1404 1840 litterae
1444 1798 1624 1851 desuper
1657 1798 1873 1841 confectae

281 1866 461 1908 fuissent
495 1867 635 1908 valere
665 1867 851 1920 faciant3
885 1868 976 1910 scil.
1009 1867 1342 1910 confirmabatur
1370 1868 1555 1911 venditio
1585 1871 1739 1911 rectori
1776 1870 1872 1913 0011.

282 1936 322 1979 S.
366 1938 400 1995 I.
446 1938 656 1979 Bisuntini
695 1939 808 1981 facta
846 1939 899 1981 ab
935 1939 1151 1981 abbatissa
1185 1953 1305 1982 conv,
1349 1941 1594 1982 monasterii
1630 1941 1875 1984 monialium

280 2009 328 2050 Β.
365 2009 422 2051 Μ.
456 2009 507 2051 V.
542 2010 685 2064 oppidi
716 2011 767 2051 de
786 2010 937 2052 Balma
967 2011 1015 2052 O.
1049 2011 1088 2052 S.
1118 2013 1163 2053 B.
1187 2011 1399 2053 Bisuntin.
1425 2011 1557 2053 dioec,
1582 2036 1608 2042 -
1638 2026 1710 2065 pro
1737 2014 1872 2066 pretio

282 2081 306 2120 2
323 2093 379 2122 m.
398 2080 448 2121 fr.
470 2085 664 2122 monetae
682 2081 948 2135 Burgundiae
965 2081 1342 2124 convertendorum
1360 2083 1402 2123 in
1419 2084 1677 2136 emptionem
1693 2083 1873 2125 aliorum

281 2150 485 2192 bonorum
501 2151 717 2194 stabilium
733 2155 1094 2208 propinquiorum,
1119 2167 1171 2195 ex
1187 2153 1343 2208 quibus
1365 2153 1482 2197 redd.
1507 2168 1671 2196 annuus
1689 2157 1739 2197 77
1754 2156 1807 2198 fr.
1825 2160 1868 2198 et

283 2225 305 2263 6
346 2224 465 2266 solid.
511 2225 820 2268 Turonensium
858 2227 1021 2280 percipi
1059 2226 1234 2279 valeret,
1275 2251 1330 2257 ——
1369 2227 1542 2279 iurium,
1583 2227 1788 2269 bonorum
1828 2231 1872 2270 et

278 2295 520 2338 reddituum
537 2296 577 2339 d.
597 2299 842 2340 monasterii
857 2299 901 2340 in
916 2299 1021 2340 locis
1038 2298 1088 2341 de
1104 2298 1375 2352 Conguieres‚
1395 2298 1596 2340 Bouhaus
1613 2299 1815 2353 (Boulans
1834 2300 1872 2353 Ρ)

277 2367 689 2423 Pont-sur-Loignon
719 2374 761 2412 et
790 2369 1077 2412 Tressandans
1107 2369 1318 2412 Bisuntin.
1343 2370 1598 2422 dioeceseos,
1631 2371 1744 2413 salvo
1775 2372 1867 2413 iure

278 2443 526 2492 patronatus
557 2442 725 2494 paroch.
752 2441 852 2484 eccl.
874 2441 924 2484 de
954 2441 1207 2496 Conguieres
1228 2446 1271 2483 et
1290 2442 1382 2484 iure
1404 2443 1664 2484 minutarum
1686 2443 1869 2486 decima-

277 2523 370 2551 rum
392 2511 443 2553 de
463 2512 716 2566 Conguieres
738 2518 780 2556 et
800 2513 1014 2557 Bouhaus.

275 2576 322 2611 R.
341 2589 400 2620 ap.
421 2577 458 2613 S.
479 2579 519 2612 P.
539 2579 588 2614 IV
608 2579 681 2614 kal.
701 2580 780 2616 Iun.
802 2583 886 2616 1605
905 2581 947 2616 Ρ.
967 2592 1026 2616 an.
1044 2582 1072 2617 I.

1508 2691 1596 2735 Req.
1617 2691 1704 2727 bull.
1723 2691 1793 2729 IV.
1814 2695 1866 2729 16.

358 2811 403 2855 4.
435 2815 622 2854 Racz'om‘
640 2815 865 2865 congyrm‘t.
909 2834 934 2840 —
972 2808 1092 2852 Paul.
1137 2809 1173 2851 V
1211 2808 1302 2864 Epo
1342 2809 1578 2854 Miranden.
1617 2812 1792 2855 mandat
1820 2817 1868 2855 ut

275 2881 525 2923 auctoritate
557 2885 692 2935 apost.
725 2883 847 2924 iuxta
875 2881 1138 2924 voluntatem
1169 2886 1211 2924 et
1246 2883 1557 2927 concessionem
1591 2883 1724 2928 Clem.
1762 2883 1867 2927 VIII
