1989 3252
113 238 255 282 Clcm.
278 238 339 282 X.
784 263 840 269 —
868 238 948 278 395
977 262 1032 267 ——
1559 238 1689 282 1673.

111 324 353 366 foederatis.
377 349 402 354 —
423 324 470 365 In
493 338 632 378 congr.
655 339 749 378 gen.
775 325 818 367 S.
841 324 892 367 R.
916 329 958 365 et
977 324 1030 366 U.
1055 324 1147 378 Inq.
1170 324 1318 366 habita
1338 325 1382 364 in
1404 324 1486 377 pal.
1512 322 1688 377 apostol.

112 408 182 448 ap.
202 394 243 436 S.
262 394 318 436 M.
340 394 396 436 M.
418 395 487 437 SS.
507 395 556 437 D.
577 396 667 438 N.
689 397 896 437 concessit
911 395 965 436 ad
980 396 1205 437 triennium
1222 395 1473 449 proximum.
1495 394 1541 436 F.
1566 393 1689 435 Card.

112 465 384 507 Barberinus.
408 465 474 507 Fr.
500 465 705 506 Rivardus
724 463 822 506 Not.

110 531 149 564 F.
168 531 212 566 V.
232 532 266 564 d.
290 534 301 564 1
323 532 409 565 Dec.
429 533 524 566 1672.

169 585 280 619 Nota.
304 586 498 620 Referente
527 585 690 619 Romano
710 584 852 618 Ubaldo
878 583 1155 627 archiepiscopo
1181 585 1396 618 Caesareen.
1416 587 1563 626 secret,
1581 583 1694 617 facul-

104 640 239 675 tatibus
264 641 362 674 nullo
383 641 486 675 modo
506 641 556 674 uti
574 644 689 683 potest
708 639 777 673 nisi
794 644 987 682 postquam
1007 650 1044 673 se
1065 639 1191 674 RRmo
1210 639 1365 674 Domino
1382 639 1552 682 episcopo
1572 639 1695 673 Casto-

106 694 196 730 rien.
215 694 293 729 Vic.
313 706 370 738 ap.
392 695 510 738 Belgii
539 694 822 736 praesentaverit
842 700 877 727 et
908 695 951 727 ab
978 705 1019 728 eo
1048 694 1234 727 licentiam
1252 697 1287 728 in
1316 694 1461 736 scriptis
1479 697 1514 728 et
1542 693 1577 726 in
1597 693 1696 727 calce

105 749 350 792 praesentium
378 750 592 784 facultatum
623 760 685 791 pro
715 760 780 783 suo
809 748 962 782 arbitrio
993 749 1192 782 obtinuerit
1220 760 1281 782 eas
1315 747 1534 788 exercendi,
1565 752 1601 781 et
1629 747 1695 780 sub

104 803 311 838 omnimoda
339 803 511 846 deinceps
542 803 672 838 iurisd.
702 803 864 836 eiusdem
900 807 933 837 et
966 802 1163 836 directione
1196 802 1385 837 subiaceat
1421 807 1456 836 et
1488 813 1559 836 non
1592 801 1694 836 alias.

105 860 146 893 21
166 858 254 892 Nov.
278 861 371 893 1672.
392 858 497 892 Card.
517 858 560 892 de
578 857 727 893 Alteriis
746 857 860 900 praef.

1270 978 1357 1020 Rey.
1378 977 1467 1012 bull.
1492 977 1552 1011 VI.
1572 980 1635 1013 218
1655 978 1689 1011 b.

192 1109 263 1152 38.
298 1107 447 1160 Congr.
467 1107 508 1149 S.
527 1107 611 1148 Rit.
636 1131 661 1137 -
683 1107 907 1148 Decretum
929 1120 1010 1160 quo
1030 1106 1288 1159 approbatur
1309 1106 1457 1148 electio
1474 1106 1515 1148 S.
1535 1106 1684 1148 Franc.

110 1176 216 1219 XaV.
240 1179 281 1219 in
302 1183 526 1231 patronum
546 1179 686 1219 minus
706 1177 981 1231 principalem
1003 1179 1084 1218 civ,
1109 1176 1356 1219 Adiacensis
1375 1178 1419 1218 in
1440 1176 1622 1220 Corsica.

108 1246 129 1279 3
146 1244 232 1278 Dec.
253 1246 348 1279 1672.
715 1242 719 1244 ’

1426 1363 1580 1398 Elench.
1600 1363 1689 1397 bule.

190 1495 247 1538 39
295 1491 366 1535 SS.
404 1493 453 1534 D.
496 1493 549 1534 N.
591 1493 783 1534 Clemens
824 1492 891 1545 X,
933 1493 1150 1535 humiliter
1207 1494 1471 1547 supplicante
1529 1493 1686 1535 Ioanne

110 1564 241 1606 Paulo
277 1564 396 1606 Oliva
430 1564 579 1617 Praep.
619 1563 722 1606 Gen.
748 1564 789 1606 S.
815 1565 848 1605 Ι.
873 1565 1062 1606 concedit
1082 1571 1128 1605 ut
1148 1566 1387 1618 provinciae
1409 1564 1541 1606 eiusd.
1566 1564 1608 1606 S.
1637 1564 1690 1605 ad

111 1635 340 1688 Hispaniae
380 1636 662 1676 assistentiam
703 1636 962 1689 pertinentes
1002 1641 1044 1677 et
1083 1635 1270 1688 singulae
1308 1650 1451 1677 earum
1487 1648 1689 1689 personae

110 1705 240 1747 semel
275 1706 318 1746 in
351 1705 476 1747 hebd.
515 1705 581 1747 die
615 1720 698 1746 non
733 1706 936 1760 impedita
970 1706 1077 1747 festo
1113 1706 1270 1760 duplici
1305 1711 1378 1747 aut
1406 1705 1687 1759 semiduplici,

107 1777 278 1818 missam
303 1782 345 1819 et
374 1775 443 1818 off.
471 1777 521 1818 de
553 1777 594 1819 S.
629 1777 791 1830 Ignatio
813 1777 854 1819 S.
888 1777 923 1819 I.
947 1777 1167 1818 fundatore
1198 1783 1240 1818 et
1270 1782 1444 1830 parente
1474 1776 1688 1818 celebrare

104 1848 284 1898 valeant,
304 1861 396 1890 exc.
420 1848 603 1889 adventu
624 1854 665 1889 et
686 1848 1020 1902 quadragesima.
1046 1873 1071 1877 —
1093 1848 1137 1890 F.
1164 1848 1222 1889 M.
1246 1849 1466 1901 episcopus
1486 1847 1682 1888 Portuen.

104 1918 227 1961 Card.
250 1918 514 1961 Brancatius.
538 1943 564 1949 -
586 1919 710 1960 Bern.
734 1919 923 1960 Casalius
944 1933 978 1961 s.
1002 1933 1036 1960 r.
1060 1920 1106 1960 G.
1132 1932 1236 1960 secr.

105 1986 124 2018 5
140 1984 216 2019 Ian.
238 1987 333 2020 1673.

104 2105 216 2138 Amal.
235 2106 313 2140 Iar.
337 2106 445 2140 Pont.
471 2105 566 2142 VIII.
587 2108 683 2141 1962.
1266 2106 1356 2147 Res).
1375 2105 1464 2138 buil.
1496 2104 1552 2138 VI.
1572 2107 1635 2138 266
1653 2104 1686 2136 b.

188 2237 261 2280 40.
296 2241 403 2279 Cum
422 2237 537 2278 sicut
558 2238 636 2278 cad.
658 2238 798 2289 filius.
822 2259 848 2265 -
877 2233 1104 2276 Clementis
1134 2233 1171 2274 X
1202 2233 1361 2286 indulg.
1385 2234 1499 2287 plen.
1523 2235 1565 2274 in
1596 2247 1690 2275 ora·

107 2306 224 2346 toriis
246 2306 417 2359 privatis
438 2306 548 2346 intra
568 2305 672 2346 fines
694 2305 947 2358 Anglicanae
969 2306 1219 2359 provinciae,
1243 2305 1295 2345 ad
1316 2305 1449 2346 instar
1470 2305 1560 2345 eius
1581 2318 1689 2358 quae

107 2389 302 2417 concessa
321 2380 384 2417 est
416 2375 684 2416 visitantibus
705 2376 906 2417 ecclesias
936 2375 978 2418 S.
1002 2376 1036 2417 I.
1061 2377 1105 2416 in
1125 2375 1375 2429 quibusdam
1407 2376 1506 2416 anni
1527 2375 1688 2416 festivi-

107 2446 277 2488 tatibus.
303 2446 367 2488 Ad
387 2447 671 2500 septennium.

107 2513 150 2546 28
165 2511 242 2546 Ian.
264 2514 358 2547 1673.

1428 2619 1580 2653 Elench.
1600 2619 1686 2654 bull.

192 2754 260 2796 41.
293 2750 563 2804 Supplicante
585 2750 654 2792 SS.
683 2752 732 2792 D.
756 2750 810 2792 N.
836 2750 1091 2791 Clementem
1124 2749 1204 2791 ΡΡ.
1228 2749 1267 2790 X
1287 2750 1412 2791 Patre
1434 2750 1615 2790 Antonio
1636 2749 1687 2789 de

111 2819 284 2862 Macedo
319 2821 359 2863 S.
398 2821 432 2862 Ι.
470 2826 631 2862 rectore
671 2821 783 2863 dom.
822 2821 939 2874 prob.
978 2821 1306 2874 Ulissiponensis
1341 2834 1389 2862 ac
1422 2824 1690 2874 procuratore

112 2892 238 2933 misso
258 2891 310 2932 ad
331 2905 471 2945 congr.
495 2892 735 2944 generalem
756 2897 962 2945 quatenus
984 2891 1130 2933 eadem
1152 2891 1192 2933 S.
1214 2891 1255 2933 S.
1276 2891 1518 2944 dignaretur
1544 2903 1690 2932 conce-

112 2960 209 3002 dere
238 2965 286 3002 ut
306 2962 546 3014 provinciae
581 2961 623 3003 S.
646 2961 682 3003 Ι.
707 2962 759 3002 ad
794 2961 1039 3003 Lusitaniae
1074 2962 1359 3003 assistentiam
1381 2961 1689 3015 pertinentes...

114 3032 243 3078 semel
278 3033 321 3073 in
356 3032 482 3077 hebd.
507 3033 679 3074 missam
714 3037 756 3074 et
790 3031 859 3075 off.
898 3032 949 3074 de
986 3032 1027 3074 S.
1067 3032 1157 3086 Ign.
1195 3031 1408 3073 celebrare
1442 3035 1485 3073 et
1518 3031 1696 3073 recitare
