1989 3252
69 168 202 210 Alex.
225 165 330 209 vn.
734 184 788 190 -
816 161 894 202 379
925 184 979 190 -
1335 133 1338 136 ’
1514 158 1644 203 1662.

151 253 222 295 7⁴2.
255 253 327 293 Ad
346 253 622 305 apostolicae
646 250 899 303 dz‘fflze‘catc's,
924 273 949 277 —
970 246 1199 288 Alexandri
1219 245 1300 286 VII
1331 259 1456 298 super
1479 257 1647 285 concor-

71 322 138 362 dia
157 321 375 363 solutionis
396 320 621 372 pensionis,
644 332 670 359 a
689 318 809 370 Greg.
834 317 939 357 XIII
961 317 1062 371 (Cfr.
1088 332 1128 358 n.
1152 318 1245 371 123)
1266 321 1504 358 reservatae
1525 328 1649 368 super

71 392 274 433 fructibus
304 391 499 432 abbatiae
519 389 665 430 Fontis
685 388 912 429 Avellanae
943 389 994 428 ad
1018 388 1201 429 favorem
1229 387 1393 440 collegii
1415 386 1648 439 neophyto-

72 476 179 514 rum,
203 475 228 502 a
248 461 343 503 coll.
367 461 612 502 Germanico
634 461 677 500 in
698 473 755 500 sc,
784 461 887 499 1400
909 464 1071 499 tantum
1094 459 1303 511 deinceps

71 532 112 564 23
128 528 217 563 Maii
235 531 329 563 1662.

1388 631 1541 666 Elench.
1562 631 1649 664 buu.

152 761 220 804 73.
253 758 303 798 Α.
329 757 373 798 Ρ.
398 757 448 797 R.
472 755 529 796 M.
556 763 604 798 Im
627 770 840 811 supremo
864 759 1115 798 amaricantes.
1150 780 1175 784 —
1204 754 1327 794 Alex.
1361 753 1441 793 VII
1471 753 1581 793 clero
1611 758 1652 792 et

71 829 224 882 populo
250 827 384 868 Vallis
414 827 585 867 tellinae
616 826 801 878 indulget
831 826 1073 866 facultatem
1105 824 1340 878 exponendi
1370 823 1485 876 publ.
1518 822 1651 863 cultui

70 912 196 951 super
225 898 347 938 altari
378 898 421 937 in
451 910 539 949 par.
574 895 676 937 eccl.
712 894 752 935 S.
788 892 1007 933 Michaelis
1037 892 1117 932 loci
1148 891 1273 933 Sazzo
1306 893 1474 934 Comen.
1515 893 1647 934 dioec.

70 970 294 1022 imaginem
316 967 358 1009 S.
383 968 542 1026 Aloysii
564 966 707 1019 ibique
730 966 898 1005 missam
921 965 964 1004 in
985 963 1051 1005 die
1073 963 1212 1005 obitus
1234 965 1324 1005 eius
1353 963 1608 1005 celebrandi.

71 1035 112 1069 R.
133 1046 188 1078 ap.
210 1034 246 1069 S.
268 1034 315 1067 M.
337 1034 386 1068 M.
405 1034 493 1068 XXI
509 1033 588 1067 Iun.
615 1034 697 1066 1662
717 1031 757 1065 Ρ.
777 1042 834 1064 an.
856 1029 950 1064 VlII.

1220 1139 1305 1181 Ray.
1330 1139 1417 1171 bun.
1445 1140 1502 1173 VJ.
1524 1142 1599 1174 173.
1619 1139 1652 1172 b.

154 1267 227 1308 74.
260 1263 309 1312 A,
342 1262 389 1303 F.
422 1261 471 1303 R.
506 1261 565 1302 M.
601 1269 782 1318 Empoml
810 1263 938 1304 vobis
967 1275 1125 1315 nuper.
1159 1283 1184 1288 —
1216 1258 1334 1300 Alex.
1369 1258 1464 1310 VII,
1496 1258 1653 1299 Ioanne

72 1335 203 1376 Paulo
226 1334 344 1375 Oliva
367 1333 455 1374 Vic.
480 1332 584 1374 Gen.
609 1332 650 1374 S.
676 1332 710 1374 I.
735 1335 971 1385 exponente
993 1330 1213 1383 collegium
1236 1329 1463 1382 Tropiense
1484 1342 1509 1370 a
1538 1343 1581 1370 se
1602 1329 1654 1370 ob

71 1406 290 1460 penuriam
311 1418 557 1457 suspensum
578 1404 707 1444 fuisse
737 1403 867 1444 donec
898 1416 995 1443 aere
1026 1402 1164 1442 alieno
1194 1401 1385 1442 exsoluto
1416 1400 1469 1441 ad
1499 1406 1654 1442 statum

73 1477 313 1530 primaevae
353 1474 609 1516 fundationis
644 1474 862 1515 reductum
894 1474 1034 1523 fuerit,
1068 1478 1109 1513 et
1138 1472 1190 1512 ab
1222 1471 1426 1525 Episcopo
1457 1470 1650 1525 Tropien.

73 1548 387 1600 suspensionem
410 1560 483 1599 pei·
511 1551 728 1599 sequestra
750 1545 949 1585 bonorum
971 1542 1179 1595 impediri,
1201 1568 1226 1573 -
1255 1543 1498 1583 facultatem
1531 1543 1657 1583 relin-

75 1617 228 1671 quendi
247 1622 289 1658 et
308 1617 518 1658 alienandi
539 1617 714 1669 collegia
734 1616 773 1656 d.
799 1615 967 1655 Vicario
989 1628 1012 1654 a
1044 1612 1193 1666 Congr.
1216 1628 1307 1666 gen.
1330 1613 1527 1654 traditam
1559 1627 1656 1655 con-

73 1689 226 1731 firmat.

70 1755 114 1789 R.
134 1766 192 1797 ap.
213 1754 248 1789 S.
268 1755 317 1789 M.
338 1755 386 1788 M.
408 1754 471 1788 V11
489 1755 583 1797 Aug.
608 1756 691 1788 1662
712 1753 749 1787 Ρ.
770 1764 828 1787 an.
849 1751 943 1787 VIII.

74 1874 163 1907 Bau
199 1874 300 1908 Rom.
321 1892 361 1897 —
379 1874 460 1907 Nov
493 1873 580 1906 (nell.
603 1874 635 1906 S.
657 1874 682 1906 I.
708 1875 780 1906 184.
1292 1871 1377 1911 Εεῃ.
1400 1871 1486 1903 bull.
1512 1870 1573 1904 VI.
1594 1873 1656 1905 174

157 1997 228 2040 75.
263 2002 435 2052 Mayna
455 2010 591 2050 quam
616 2002 661 2037 ῑῖη
683 1996 790 2037 (lies.
815 2018 840 2023 -
860 1993 979 2033 Alex,
1006 1991 1101 2042 VII,
1125 1991 1365 2044 petentibus
1386 1995 1487 2031 rect.
1512 1995 1554 2032 et>
1574 1991 1657 2032 col-

75 2066 258 2119 legialib.
297 2065 393 2107 coll.
427 2064 466 2106 S.
500 2065 534 2106 I.
569 2078 665 2117 opp.
699 2064 945 2104 Ensisheem
976 2067 1050 2103 aut
1080 2062 1233 2102 Enxeii
1264 2062 1305 2101 in
1327 2075 1441 2114 prov.
1466 2061 1653 2103 Alsatiae

75 2137 206 2178 dioec.
232 2136 460 2187 Basileen.,
483 2135 654 2175 mandat
676 2134 843 2176 officiali
866 2134 1074 2175 Basileen.
1099 2140 1145 2173 ut
1165 2146 1257 2173 cum
1284 2132 1324 2173 d.
1348 2132 1444 2173 coll.
1478 2136 1521 2173 et
1550 2146 1653 2174 sem.

73 2209 272 2261 impensis
306 2206 506 2260 Leopoldi
541 2206 702 2248 archid.
736 2205 789 2246 ab
824 2206 996 2246 Austria
1029 2210 1166 2246 erecto
1202 2205 1320 2244 uniat
1355 2204 1654 2245 monasterium

74 2292 100 2319 a
129 2278 318 2331 pluribus
352 2279 472 2318 annis
502 2291 602 2318 cura
632 2281 674 2318 et
708 2286 912 2318 conventu
947 2281 1158 2317 carentem
1189 2275 1227 2316 S.
1254 2274 1312 2316 M.
1351 2275 1402 2316 de
1440 2274 1656 2317 Vauxdieu

73 2348 178 2389 alias
198 2347 409 2389 Gottsthal
430 2348 672 2389 Cluniacen.
699 2362 771 2388 seu
794 2347 835 2389 S.
860 2347 961 2388 Ben.
987 2347 1085 2388 Ord.
1120 2347 1160 2388 d.
1196 2346 1344 2397 dioec.‚
1378 2351 1420 2387 et
1448 2347 1658 2399 prioratus

75 2418 116 2460 S.
141 2418 307 2459 Nicolai
328 2418 381 2459 du
406 2419 518 2470 Bois,
543 2418 582 2460 S.
607 2418 749 2459 Iacobi
775 2418 825 2459 de
850 2418 1080 2459 Veldtbach
1113 2424 1153 2458 et
1184 2417 1225 2458 S.
1249 2417 1363 2457 Petri
1390 2416 1440 2457 de
1469 2416 1656 2458 Kaltem-

75 2489 213 2530 bruun
227 2491 315 2530 sive
331 2490 458 2530 fontis
474 2489 614 2542 frigidi
632 2489 874 2530 eorumdem
892 2488 990 2529 Ord.
1011 2494 1052 2529 et
1069 2488 1219 2540 dioec„
1238 2493 1280 2529 et
1295 2492 1513 2528 vacantem
1529 2489 1657 2540 resig-

77 2561 245 2601 natione
275 2560 420 2602 Ioann.
455 2560 584 2601 Henr.
619 2560 669 2601 de
699 2559 943 2613 Paudeberg
978 2559 1211 2613 cappellam
1247 2558 1288 2600 S.
1325 2558 1383 2600 M.
1422 2557 1560 2612 Magd.
1606 2559 1656 2600 de

77 2629 313 2683 Engelthal.

80 2695 120 2730 R.
141 2707 198 2739 ap.
219 2695 255 2730 S.
277 2696 326 2729 M.
345 2696 395 2731 M.
415 2696 449 2730 X
467 2695 538 2729 kal.
562 2695 657 2738 Sept.
682 2698 763 2731 1662
783 2695 824 2729 Ρ.
843 2706 901 2730 an.
922 2695 1015 2730 VIII.

699 2804 823 2837 Fund.
840 2815 897 2846 pr.
923 2803 1053 2844 Camp.
1073 2808 1096 2837 t.
1117 2803 1141 2836 l.
1161 2822 1204 2827 -—
1220 2804 1309 2847 Κεφ
1332 2805 1416 2835 bull.
1445 2802 1502 2837 VI.
1524 2806 1586 2837 175
1602 2803 1659 2845 (1).

62 2964 66 2965 ⁷
137 2924 180 2965 (l)
204 2925 256 2959 Ib.
292 2924 503 2958 Mandatum
539 2923 761 2958 reductionis
791 2923 837 2958 ad
864 2922 1095 2957 medietatem
1124 2933 1365 2968 expensarum
1394 2933 1459 2967 pro
1491 2922 1525 2956 d.
1560 2922 1661 2957 bulla

76 2990 230 3014 umomS.
