1989 3252
287 179 463 224 Urban.
487 179 617 224 VIII.
961 202 1014 208 -
1043 179 1123 220 316
1156 202 1204 208 -
1742 177 1872 222 1626.

370 269 444 313 43.
478 274 550 311 Ex
577 269 781 322 injuncco
809 270 952 311 nobis.
978 292 1004 297 —
1035 267 1196 308 Urban.
1226 265 1344 318 VIII,
1377 265 1518 306 citatis
1547 265 1632 306 litt.
1662 263 1785 306 Pauli
1811 264 1871 317 II,

293 345 401 382 Cum
418 346 465 381 m
481 339 692 381 omnibus
712 340 899 382 iudiciis
923 339 1044 389 1465,
1066 351 1106 378 v.
1139 337 1196 378 id.
1220 336 1340 388 Maii,
1369 335 1612 390 petentibus
1641 339 1801 377 rectore
1831 339 1874 376 et

287 407 577 460 collegialibus
600 407 696 449 coll.
720 406 762 448 S.
787 407 823 448 I.
847 407 885 448 N
889 408 1131 461 eapolitan.‚
1155 406 1329 448 mandat
1348 406 1505 448 decano
1527 406 1629 447 eccl.
1654 405 1874 448 Puteolan.

289 482 328 519 et
350 479 428 519 vic.
452 492 545 531 gen.
576 478 761 532 episcopi
780 477 1002 519 Puteolan.
1026 482 1088 530 ut,
1111 478 1146 519 si
1175 478 1218 518 in
1239 477 1492 529 evidentem,
1516 476 1758 518 facultatem
1778 490 1875 518 con-

290 548 444 590 cedant
464 549 505 590 d.
524 549 699 602 collegio
730 563 925 603 campum
947 550 1191 602 capacitatis
1211 550 1238 591 2
1258 548 1493 590 modiorum
1514 562 1609 589 cum
1631 549 1657 589 2
1678 547 1870 600 stabulis,

288 634 341 661 ex
369 634 450 674 quo
480 619 693 661 redditum
715 623 738 661 6
761 619 858 661 duc.
881 633 971 662 aur.
996 620 1046 662 de
1077 634 1185 662 cam.
1207 620 1459 674 percipiunt,
1492 621 1535 660 in
1565 618 1874 673 emphyteusim

287 699 537 747 perpetuam
559 692 614 734 ad
644 690 842 734 effectum
864 693 906 733 in
937 706 986 734 eo
1008 692 1261 734 aedificandi
1281 691 1426 733 domos
1457 691 1534 732 sub
1556 704 1695 732 annuo
1717 704 1876 732 canone

290 765 340 806 12
363 763 459 805 duc.
484 763 675 806 cedendi.

286 830 331 865 R.
350 841 407 874 ap.
429 830 465 865 S.
486 830 527 865 Ρ.
545 831 595 865 IV
615 830 660 865 id.
681 831 789 865 Febr.
812 833 894 865 1626
912 830 940 864 Ρ
973 841 1018 864 an
1036 830 1096 866 III.

1518 938 1594 982 Rey
1627 938 1715 971 bun.
1744 937 1780 970 V.
1802 939 1876 972 198.

371 1054 447 1096 44.
481 1050 530 1091 A.
555 1048 604 1090 F.
632 1048 681 1090 R.
706 1047 764 1089 M.
791 1052 1048 1093 Salvatorz's
1079 1053 1119 1092 et
1154 1050 1334 1091 Domz'm'
1358 1052 1521 1090 nostri.
1541 1071 1567 1076 -
1588 1045 1749 1087 Urban.
1772 1043 1877 1086 VIII

289 1121 600 1176 exponentibus
622 1119 816 1174 Philippo
838 1120 1026 1173 archiep.
1051 1119 1313 1172 Philippensi
1335 1118 1490 1158 vicario
1512 1121 1647 1170 apost.
1672 1117 1715 1157 in
1736 1115 1877 1157 foede-

290 1196 393 1236 ratis
428 1194 562 1247 Belgii
598 1193 828 1246 provinciis
862 1205 1025 1234 necnon
1060 1192 1171 1233 clero
1205 1204 1253 1232 ac
1286 1189 1546 1244 presbyteris
1582 1188 1624 1230 S.
1647 1188 1684 1230 I.
1708 1191 1751 1230 et
1780 1188 1876 1229 aliis

286 1265 551 1320 regularibus
568 1264 860 1316 missionariis,
876 1267 1208 1308 Resolutz‘onem
1229 1265 1474 1306 dumorum
1496 1267 1534 1304 ct
1556 1263 1878 1316 difficultatum

288 1353 405 1395 quae
435 1353 463 1382 a
491 1345 577 1382 Vic.
602 1342 744 1393 apost.
777 1339 1100 1380 Hollandz’ae...
1115 1339 1360 1392 proposita
1390 1339 1512 1385 sunl,
1536 1331 1623 1373 kal.
1647 1330 1749 1372 Maii
1772 1332 1877 1373 1623

288 1424 313 1451 a
333 1410 482 1463 Congr.
509 1409 559 1450 de
594 1422 766 1462 propag.
791 1407 875 1449 fide
896 1411 1138 1448 emanatam
1159 1409 1202 1446 et
1234 1404 1501 1446 concordiam
1522 1416 1648 1457 super
1668 1401 1806 1443 dubiis
1828 1401 1879 1443 de

289 1481 364 1522 illa
398 1481 671 1531 resolutione,
694 1479 854 1521 auxilio
886 1478 1057 1520 Ioannis
1086 1476 1301 1518 Francisci
1329 1475 1517 1528 archiep.
1542 1473 1807 1516 Patracensis
1836 1474 1879 1513 in

289 1553 462 1606 belgicis
479 1552 710 1593 ditionibus
725 1550 876 1593 Nuntii
893 1555 935 1592 et
956 1550 1249 1604 episcoporum
1269 1549 1319 1589 15
1337 1546 1430 1588 Oct.
1444 1548 1551 1588 1624
1566 1547 1713 1587 initam
1730 1558 1879 1598 appro-

290 1625 364 1666 bat
383 1630 427 1666 et
446 1623 641 1666 omnibus
660 1623 883 1665 observare
903 1621 1034 1663 iubet.

289 1691 333 1725 R.
353 1701 411 1734 ap.
432 1690 468 1725 S.
488 1690 538 1724 M.
559 1690 608 1724 M.
631 1690 658 1723 V
678 1689 766 1724 Maii
786 1692 871 1724 1626
889 1689 929 1722 P.
949 1699 1006 1721 an.
1029 1687 1090 1723 ΙΙΙ.

288 1801 390 1834 Bull.
409 1800 455 1833 de
466 1808 626 1843 propag).
645 1799 720 1843 fide
736 1799 767 1838 I,
786 1801 839 1834 54.
1617 1793 1768 1827 Elench.
1787 1791 1879 1827 hall.

370 1923 443 1967 45.
478 1920 606 1973 Cong.
644 1917 685 1961 S.
723 1919 794 1960 Rit
847 1944 872 1950 -
903 1917 1106 1960 Manilen.
1146 1916 1225 1959 Pro
1263 1916 1609 1969 archiepiscopo:
1653 1913 1878 1955 Decretum

292 1994 341 2033 19
362 1991 465 2033 Feb.
492 1993 598 2034 1622
618 1991 723 2045 (Cfr.
748 1990 870 2044 Greg.
893 1989 986 2032 XV.
1010 2004 1051 2030 n.
1076 1990 1164 2042 24).

289 2062 308 2093 4
326 2058 392 2091 Iul.
415 2061 509 2093 1626.

287 2144 402 2202 Anal.
423 2171 495 2203 ίαν.
510 2174 618 2212 pont.
646 2167 723 2202 VII.
742 2169 819 2202 ’743-

371 2280 444 2323 46.
479 2279 529 2320 A.
554 2278 600 2320 P.
620 2278 670 2320 R.
692 2277 748 2319 M.
775 2280 873 2321 Etsi
894 2283 1018 2320 Rom.
1046 2278 1329 2329 Pontificem.
1349 2298 1374 2304 -
1391 2272 1552 2314 Urban.
1571 2271 1691 2323 VIII,
1708 2273 1878 2323 petente

287 2350 445 2392 Ioanne
481 2364 589 2391 com.
614 2349 665 2390 de
688 2349 854 2390 Nassau
889 2348 961 2401 qui
992 2350 1015 2388 6
1051 2346 1147 2388 Iun.
1172 2359 1288 2399 prox.
1316 2346 1358 2386 in
1397 2348 1507 2385 terra
1537 2342 1588 2383 de
1623 2342 1746 2394 Sigen
1777 2353 1877 2381 suae

287 2426 465 2475 tempor.
491 2421 794 2462 iurisdictionis
823 2418 1059 2472 Moguntin.
1097 2417 1230 2458 dioec.
1264 2416 1570 2457 calvinisticam
1600 2412 1793 2454 haeresin
1823 2410 1876 2452 ab

287 2494 340 2534 80
361 2492 484 2534 annis
513 2493 557 2533 in
592 2506 665 2533 suo
687 2492 891 2533 comitatu
911 2493 1173 2543 grassantem
1210 2487 1454 2542 proscripsit
1489 2490 1530 2527 et
1559 2484 1758 2526 Societati
1778 2482 1876 2524 Iesu

286 2577 361 2618 pro
382 2563 475 2605 coll.
501 2564 545 2605 in
566 2563 607 2605 d.
632 2568 745 2604 terra
766 2562 962 2615 erigendo
979 2561 1187 2602 concessit
1209 2558 1508 2601 monasterium
1531 2557 1581 2597 de
1599 2554 1727 2608 Ceppl
1744 2568 1869 2595 nunc.

284 2636 385 2677 olim
407 2635 653 2677 monialium
687 2634 967 2675 Praemonstr.
991 2632 1090 2673 Ord.
1114 2632 1326 2673 desertum
1349 2630 1418 2683 (fr.
1446 2631 1550 2670 1000
1571 2629 1650 2676 sc.)
1671 2630 1714 2667 et
1738 2625 1870 2667 eccle-

286 2707 392 2748 siam
409 2740 417 2758 ,
437 2705 490 2747 ab
509 2706 669 2747 haeret.
689 2709 960 2758 occupatam,
980 2704 1130 2745 domus
1147 2702 1352 2755 regularis
1368 2701 1420 2742 fr.
1441 2699 1530 2741 ord.
1550 2699 1638 2740 min
1674 2698 1715 2740 S.
1735 2697 1802 2738 Fr.
1823 2697 1874 2738 de

285 2778 394 2830 obs.‚
413 2778 485 2819 dd.
510 2778 686 2818 uniones
722 2777 960 2818 confirmat.
979 2774 1077 2817 Cur.
1098 2788 1214 2815 caus.
1235 2787 1325 2814 cam
1368 2787 1435 2826 ap.
1455 2785 1548 2824 gen.
1576 2769 1775 2821 auditori,
1796 2769 1873 2809 vic.

284 2863 378 2903 gen.
403 2849 720 2901 archiepiscopo
745 2847 969 2900 Moguntin
1009 2851 1052 2887 et
1072 2846 1258 2899 episcopi
1280 2844 1443 2897 Spiren.
1467 2856 1585 2884 exec.
1605 2841 1845 2882 committit.

283 2915 329 2950 R.
348 2927 406 2958 ap.
428 2915 463 2950 S,
483 2916 532 2950 M.
553 2915 601 2949 M.
623 2914 744 2949 XVIII
759 2914 827 2949 Iul.
849 2916 944 2949 1626.

1384 3019 1470 3060 Ray.
1492 3017 1582 3051 bun.
1609 3017 1644 3049 V.
1664 3017 1729 3051 218
1746 3015 1780 3049 b.
1800 3017 1875 3049 230.

1977 2364 1989 2499 Ξ

1974 2609 1989 2661 ἐ

1972 2664 1989 2750 3

1969 2725 1989 2859 ξ

1971 2850 1989 3004 2
