1989 3252
95 237 226 282 Alex.
250 235 356 280 VII.
758 256 814 262 —
842 233 918 273 371
958 255 1002 260 ψ
1540 226 1669 271 1657.

177 324 248 367 32.
284 325 412 364 Alias
429 325 685 376 postquam.
724 343 750 348 —
784 316 1015 357 Alexandri
1051 316 1131 356 VII
1164 315 1401 369 prorogatio
1442 314 1672 354 vacationis

98 394 362 446 superiorum
385 391 426 433 S.
451 390 486 432 I.
511 390 564 431 ab
585 388 728 430 Innoc.
753 387 791 428 X
811 388 1095 441 praescriptae
1116 387 1169 428 ad
1190 386 1306 428 aliud
1326 386 1643 439 sesquiannum.

96 462 117 494 7
133 460 198 494 Iul⁴
222 460 317 493 1657.

1414 547 1569 583 Elench.
1589 547 1676 582 buzl.

180 666 250 709 33.
284 668 443 720 Emz'yz'c
463 663 778 706 incumbentis.
800 684 825 689 -
846 658 969 700 Alex.
994 657 1090 711 VII,
1114 657 1353 712 petentibus
1374 660 1476 697 rect.
1496 660 1538 697 et
1555 655 1680 696 colle-

99 735 279 788 gialibus
299 734 393 775 coll.
418 733 459 775 S.
484 732 518 774 I.
544 746 641 785 opp.
665 731 869 772 Vesulani
893 730 1159 770 Bisuntinen.
1198 728 1346 778 dioec„
1375 728 1680 768 sustentatione

102 808 181 847 800
203 805 298 846 libr.
323 818 463 845 annua
484 817 557 856 per
577 803 615 844 d.
641 816 734 855 opp.
759 801 965 842 bellorum
988 800 1170 853 pondere
1205 812 1449 852 oppressum
1485 798 1568 838 iam
1599 810 1681 837 non

103 876 321 929 praestita,
345 874 517 915 mandat
538 873 704 915 officiali
726 872 934 913 Bisuntin.
959 876 1004 912 ut
1024 885 1119 912 cum
1141 871 1180 912 d.
1201 871 1296 912 coll.
1316 870 1434 911 uniat
1451 869 1681 922 prioratum

104 947 155 988 de
175 945 522 987 Port-sur-Saone
544 943 788 985 Cluniacen.
813 942 911 983 Ord.
937 942 976 983 d.
1000 941 1133 982 dioec.
1158 955 1183 982 a
1204 941 1389 994 Benigno
1407 939 1678 980 Thomassino

105 1016 228 1070 presb
269 1029 316 1056 eo
339 1016 421 1056 fine
443 1016 715 1067 resignatum,
739 1014 936 1066 pensione
958 1026 1100 1053 annua
1120 1014 1171 1054 57
1193 1012 1287 1053 duc.
1312 1012 1402 1053 auri
1423 1010 1474 1051 de
1504 1024 1610 1050 cam.
1645 1009 1684 1049 ei

106 1090 330 1127 reservata.
354 1085 423 1126 Fr.
447 1087 516 1137 24,
538 1098 623 1125 una
644 1097 739 1124 cum
761 1083 932 1124 incertis
953 1084 1005 1123 80
1027 1081 1120 1123 duc.
1160 1080 1412 1135 Capelianus
1447 1079 1684 1121 amovibilis

105 1157 196 1198 loco
217 1157 432 1208 sacristae,
456 1156 528 1210 qui
549 1155 654 1196 eccl.
679 1154 718 1195 d.
744 1155 952 1208 prioratus
973 1152 1241 1204 inserviebat,
1264 1155 1603 1193 manuteneatur.

105 1223 149 1257 R.
169 1234 226 1266 ap.
248 1222 284 1257 S.
300 1222 350 1257 M.
370 1222 421 1257 M.
441 1221 488 1255 id.
510 1223 602 1264 Aug.
626 1223 705 1255 1657
727 1220 768 1253 P.
788 1231 847 1254 an.
864 1219 927 1254 ΙΙΙ.

1258 1327 1347 1370 Req.
1368 1326 1452 1360 bun.
1481 1326 1539 1359 VI.
1562 1328 1634 1361 153.
1655 1325 1689 1359 b.

190 1442 261 1486 34.
303 1442 428 1482 Vitae
449 1454 502 1482 ac
523 1453 718 1481 morum.
740 1461 766 1467 —
787 1436 908 1477 Alex.
934 1435 1015 1476 VII
1038 1435 1221 1489 Benigno
1252 1434 1525 1476 Thomassino
1547 1433 1686 1487 presb.

109 1511 374 1552 Bisuntinen.
398 1510 642 1563 pensionem
665 1522 846 1549 annuam
868 1514 1066 1549 reservat.

107 1578 140 1612 R
174 1589 228 1621 ap.
253 1577 289 1611 S.
312 1577 359 1612 M.
380 1576 429 1611 M.
451 1576 498 1610 id.
520 1577 612 1618 Aug.
638 1577 718 1609 1657
738 1575 778 1609 P.
797 1586 855 1608 an.
876 1574 925 1609 ΠΙ

1274 1681 1358 1723 Res).
1379 1681 1466 1714 bun.
1496 1681 1555 1715 Vl.
1579 1683 1637 1714 154
1658 1681 1689 1714 b.

194 1797 264 1840 35.
297 1793 447 1844 Congr.
472 1791 512 1833 S.
537 1790 621 1831 Rit.
642 1815 668 1820 -
684 1789 906 1831 Decretum
928 1788 979 1830 de
997 1789 1200 1829 electione
1217 1788 1259 1829 S.
1281 1787 1348 1829 Fr.
1367 1787 1471 1829 XaV.
1491 1788 1533 1828 in
1552 1793 1690 1841 patro-

112 1879 211 1906 num
233 1865 311 1906 civ,
337 1862 659 1915 Neapolitanae.

116 1934 154 1966 15
173 1931 272 1973 Sept.
293 1932 389 1964 1657.

115 1986 222 2020 Nota.
243 1985 403 2018 Habetin·
419 1983 519 2016 aliud
536 1983 631 2016 decr.
652 1981 847 2024 pariforme
866 1992 928 2024 pro
947 1981 1012 2014 civ.
1034 1980 1228 2021 Aquilaria,
1248 1983 1283 2014 et
1310 1990 1372 2022 pro
1398 1979 1466 2015 civ,
1486 1979 1691 2020 Parmensi,

113 2040 193 2073 ead.
213 2040 308 2073 data.

1433 2126 1585 2161 Elench.
1605 2127 1694 2160 bun.

197 2243 270 2288 36.
303 2238 430 2292 Cong.
474 2252 558 2280 sac.
602 2238 685 2279 Rit.
729 2262 754 2267 —
789 2237 916 2278 Urbis
960 2252 966 2277 :
1001 2236 1164 2277 Intuitu
1200 2236 1374 2288 insignis
1410 2236 1614 2289 reliquiae
1650 2235 1690 2277 S.

114 2312 314 2354 Ludovici
330 2312 437 2364 regis
452 2323 572 2364 posse
589 2309 743 2350 festum
759 2322 853 2349 cum
870 2308 1004 2349 officio
1026 2310 1077 2349 26
1096 2321 1191 2360 aug.
1207 2308 1335 2348 etiam
1353 2306 1509 2348 domin.
1530 2307 1572 2346 in
1589 2306 1692 2348 eccl.

116 2384 213 2424 Iesu
235 2383 456 2424 celebrari.

122 2452 158 2484 15
177 2450 273 2492 Sept.
294 2450 390 2483 1657.

118 2557 228 2591 Amal.
248 2556 326 2591 Iar.
345 2556 455 2590 Pone.
486 2554 604 2598 VHp.
625 2556 702 2595 342,
721 2565 759 2587 n.
780 2556 875 2588 1565.

203 2667 273 2710 37.
309 2664 357 2704 Α.
381 2662 429 2704 Ρ.
451 2662 500 2703 R.
535 2661 593 2703 M.
620 2668 727 2705 Cam
747 2666 862 2704 sieut
882 2663 1010 2704 nobis
1030 2675 1190 2716 nuper.
1213 2684 1238 2690 —
1273 2659 1394 2702 Alex.
1435 2659 1530 2721 VII,
1567 2674 1696 2714 expo-

122 2740 248 2777 nente
276 2735 410 2776 Gosw.
433 2731 585 2773 Nickel
606 2731 755 2784 Praep.
789 2729 893 2773 Gen.
918 2729 959 2772 S.
984 2730 1018 2771 Ι.
1053 2730 1371 2785 quibuscunque
1399 2731 1695 2785 peragentibus

121 2821 197 2861 per
215 2805 371 2848 octidui
391 2805 572 2858 spatium
593 2804 793 2845 exercitia
813 2802 1050 2856 spiritualia
1070 2801 1110 2844 S.
1134 2801 1288 2855 Ignatii
1307 2802 1539 2856 plenariam
1556 2803 1696 2843 indul-

120 2878 304 2931 gentiam
325 2875 532 2918 concedit.

117 2944 159 2978 In
176 2954 257 2977 arce
275 2942 483 2986 Gandulphi
500 2941 569 2977 XII
587 2941 668 2976 Oct.
689 2943 773 2976 1657
791 2940 832 2974 P.
853 2951 911 2974 an.
930 2940 991 2976 111.

121 3051 221 3085 Bull.
241 3052 348 3085 Rom.
366 3068 410 3076 —
424 3049 522 3084 Nov.
543 3049 630 3083 buil.
649 3049 684 3083 S.
703 3049 734 3083 Ι.
755 3051 828 3084 179.
1442 3049 1592 3084 Elenclz.
1613 3050 1700 3084 bull.

1600 3112 1642 3143 24
