<?xml version="1.0" encoding="UTF-8"?>
<!DOCTYPE html PUBLIC "-//W3C//DTD XHTML 1.0 Transitional//EN"
    "http://www.w3.org/TR/xhtml1/DTD/xhtml1-transitional.dtd">
<html xmlns="http://www.w3.org/1999/xhtml" xml:lang="en" lang="en">
 <head>
  <title>
</title>
<meta http-equiv="Content-Type" content="text/html;charset=utf-8" />
  <meta name='ocr-system' content='tesseract 3.04.00' />
  <meta name='ocr-capabilities' content='ocr_page ocr_carea ocr_par ocr_line ocrx_word'/>
</head>
<body>
  <div class='ocr_page' id='page_1' title='image "./synopsisactorums02delp_0124.png"; bbox 0 0 1989 3252; ppageno 0'>
   <div class='ocr_carea' id='block_1_1' title="bbox 271 209 1862 257">
    <p class='ocr_par' dir='ltr' id='par_1_1' title="bbox 271 209 1862 257">
     <span class='ocr_line' id='line_1_1' title="bbox 271 209 1862 257; baseline -0.001 -2"><span class='ocrx_word' id='word_1_1' title='bbox 271 211 450 255; x_wconf 84' lang='lat' dir='ltr'>Urban.</span> <span class='ocrx_word' id='word_1_2' title='bbox 473 210 603 254; x_wconf 87' lang='lat' dir='ltr'>VIII.</span> <span class='ocrx_word' id='word_1_3' title='bbox 951 234 1000 239; x_wconf 93' lang='lat'>—</span> <span class='ocrx_word' id='word_1_4' title='bbox 1031 209 1111 250; x_wconf 87' lang='grc'>338</span> <span class='ocrx_word' id='word_1_5' title='bbox 1141 235 1195 240; x_wconf 89' lang='grc'>-</span> <span class='ocrx_word' id='word_1_6' title='bbox 1732 212 1862 257; x_wconf 84' lang='grc'>1633.</span> 
     </span>
    </p>
   </div>
   <div class='ocr_carea' id='block_1_2' title="bbox 273 296 1865 635">
    <p class='ocr_par' dir='ltr' id='par_1_2' title="bbox 273 296 1865 635">
     <span class='ocr_line' id='line_1_2' title="bbox 273 296 1865 349; baseline 0.001 -11"><span class='ocrx_word' id='word_1_7' title='bbox 273 297 531 338; x_wconf 76' lang='lat' dir='ltr'>declaratam</span> <span class='ocrx_word' id='word_1_8' title='bbox 553 298 698 349; x_wconf 88' lang='lat' dir='ltr'>(supra</span> <span class='ocrx_word' id='word_1_9' title='bbox 718 310 759 337; x_wconf 91' lang='lat' dir='ltr'>n.</span> <span class='ocrx_word' id='word_1_10' title='bbox 788 298 884 349; x_wconf 87' lang='grc'>153)</span> <span class='ocrx_word' id='word_1_11' title='bbox 907 301 949 338; x_wconf 89' lang='lat' dir='ltr'>et</span> <span class='ocrx_word' id='word_1_12' title='bbox 969 297 1295 349; x_wconf 88' lang='lat' dir='ltr'>prohibitianem</span> <span class='ocrx_word' id='word_1_13' title='bbox 1319 296 1548 338; x_wconf 88' lang='lat' dir='ltr'>accedendi</span> <span class='ocrx_word' id='word_1_14' title='bbox 1569 297 1622 338; x_wconf 90' lang='lat' dir='ltr'>ad</span> <span class='ocrx_word' id='word_1_15' title='bbox 1651 296 1793 339; x_wconf 89' lang='lat' dir='ltr'>Indias</span> <span class='ocrx_word' id='word_1_16' title='bbox 1823 302 1865 339; x_wconf 88' lang='lat' dir='ltr'>et</span> 
     </span>
     <span class='ocr_line' id='line_1_3' title="bbox 273 367 1864 422; baseline 0 -13"><span class='ocrx_word' id='word_1_17' title='bbox 273 369 387 410; x_wconf 89' lang='lat' dir='ltr'>civit.</span> <span class='ocrx_word' id='word_1_18' title='bbox 412 367 544 409; x_wconf 87' lang='lat' dir='ltr'>Goam</span> <span class='ocrx_word' id='word_1_19' title='bbox 579 367 683 408; x_wconf 85' lang='lat' dir='ltr'>alias</span> <span class='ocrx_word' id='word_1_20' title='bbox 720 381 846 421; x_wconf 88' lang='lat' dir='ltr'>quam</span> <span class='ocrx_word' id='word_1_21' title='bbox 883 382 958 421; x_wconf 88' lang='lat' dir='ltr'>per</span> <span class='ocrx_word' id='word_1_22' title='bbox 988 368 1251 409; x_wconf 79' lang='lat' dir='ltr'>Lusitaniam</span> <span class='ocrx_word' id='word_1_23' title='bbox 1284 382 1308 409; x_wconf 87' lang='lat' dir='ltr'>a</span> <span class='ocrx_word' id='word_1_24' title='bbox 1343 368 1474 409; x_wconf 86' lang='lat' dir='ltr'>Paulo</span> <span class='ocrx_word' id='word_1_25' title='bbox 1505 367 1542 408; x_wconf 90' lang='lat' dir='ltr'><strong>V</strong></span> <span class='ocrx_word' id='word_1_26' title='bbox 1564 370 1709 421; x_wconf 89' lang='lat' dir='ltr'>(supra</span> <span class='ocrx_word' id='word_1_27' title='bbox 1728 383 1769 410; x_wconf 91' lang='lat' dir='ltr'>n.</span> <span class='ocrx_word' id='word_1_28' title='bbox 1795 371 1864 422; x_wconf 88' lang='lat'>63)</span> 
     </span>
     <span class='ocr_line' id='line_1_4' title="bbox 274 437 1864 493; baseline 0.001 -13"><span class='ocrx_word' id='word_1_29' title='bbox 274 439 499 491; x_wconf 79' lang='lat' dir='ltr'>sublatam,</span> <span class='ocrx_word' id='word_1_30' title='bbox 523 437 809 492; x_wconf 86' lang='lat' dir='ltr'>superioribus</span> <span class='ocrx_word' id='word_1_31' title='bbox 845 452 1188 493; x_wconf 89' lang='lat' dir='ltr'>quorumcunque</span> <span class='ocrx_word' id='word_1_32' title='bbox 1223 439 1434 491; x_wconf 82' lang='lat' dir='ltr'>ordinum,</span> <span class='ocrx_word' id='word_1_33' title='bbox 1458 453 1539 492; x_wconf 91' lang='lat' dir='ltr'>quo</span> <span class='ocrx_word' id='word_1_34' title='bbox 1574 438 1738 480; x_wconf 77' lang='lat' dir='ltr'>facilius</span> <span class='ocrx_word' id='word_1_35' title='bbox 1759 439 1864 481; x_wconf 88' lang='lat' dir='ltr'>fides</span> 
     </span>
     <span class='ocr_line' id='line_1_5' title="bbox 274 509 1864 564; baseline 0.001 -14"><span class='ocrx_word' id='word_1_36' title='bbox 274 510 334 551; x_wconf 93' lang='lat' dir='ltr'>ibi</span> <span class='ocrx_word' id='word_1_37' title='bbox 370 515 625 563; x_wconf 75' lang='lat' dir='ltr'>propagetur</span> <span class='ocrx_word' id='word_1_38' title='bbox 660 509 855 551; x_wconf 88' lang='lat' dir='ltr'>concedit</span> <span class='ocrx_word' id='word_1_39' title='bbox 874 515 921 551; x_wconf 89' lang='lat' dir='ltr'>ut</span> <span class='ocrx_word' id='word_1_40' title='bbox 950 510 1165 564; x_wconf 81' lang='lat' dir='ltr'>religiosos</span> <span class='ocrx_word' id='word_1_41' title='bbox 1187 510 1287 551; x_wconf 90' lang='lat' dir='ltr'>illuc</span> <span class='ocrx_word' id='word_1_42' title='bbox 1308 511 1476 551; x_wconf 89' lang='lat' dir='ltr'>mittere</span> <span class='ocrx_word' id='word_1_43' title='bbox 1497 510 1683 563; x_wconf 87' lang='lat' dir='ltr'>valeant,</span> <span class='ocrx_word' id='word_1_44' title='bbox 1706 524 1864 563; x_wconf 84' lang='lat' dir='ltr'>poenas</span> 
     </span>
     <span class='ocr_line' id='line_1_6' title="bbox 274 580 1864 635; baseline 0 -12"><span class='ocrx_word' id='word_1_45' title='bbox 274 583 316 623; x_wconf 92' lang='lat' dir='ltr'>in</span> <span class='ocrx_word' id='word_1_46' title='bbox 333 581 613 635; x_wconf 78' lang='lat' dir='ltr'>impedientes</span> <span class='ocrx_word' id='word_1_47' title='bbox 630 580 832 634; x_wconf 90' lang='lat' dir='ltr'>decernit,</span> <span class='ocrx_word' id='word_1_48' title='bbox 849 582 1096 623; x_wconf 82' lang='lat' dir='ltr'>catechismi</span> <span class='ocrx_word' id='word_1_49' title='bbox 1111 581 1290 623; x_wconf 89' lang='lat' dir='ltr'>Romani</span> <span class='ocrx_word' id='word_1_50' title='bbox 1306 587 1348 623; x_wconf 91' lang='lat' dir='ltr'>et</span> <span class='ocrx_word' id='word_1_51' title='bbox 1364 581 1591 623; x_wconf 85' lang='lat' dir='ltr'>Doctrinae</span> <span class='ocrx_word' id='word_1_52' title='bbox 1609 582 1864 624; x_wconf 84' lang='lat' dir='ltr'>christianae</span> 
     </span>
    </p>
   </div>
   <div class='ocr_carea' id='block_1_3' title="bbox 270 652 1605 762">
    <p class='ocr_par' dir='ltr' id='par_1_3' title="bbox 270 652 1605 762">
     <span class='ocr_line' id='line_1_7' title="bbox 273 652 1605 707; baseline 0.001 -13"><span class='ocrx_word' id='word_1_53' title='bbox 273 652 521 694; x_wconf 88' lang='lat' dir='ltr'>Bellarmini</span> <span class='ocrx_word' id='word_1_54' title='bbox 541 666 665 693; x_wconf 90' lang='lat' dir='ltr'>usum</span> <span class='ocrx_word' id='word_1_55' title='bbox 685 652 966 704; x_wconf 85' lang='lat' dir='ltr'>commendat,</span> <span class='ocrx_word' id='word_1_56' title='bbox 989 658 1272 695; x_wconf 86' lang='lat' dir='ltr'>mercaturam</span> <span class='ocrx_word' id='word_1_57' title='bbox 1292 652 1502 707; x_wconf 89' lang='lat' dir='ltr'>prohibet,</span> <span class='ocrx_word' id='word_1_58' title='bbox 1525 657 1605 695; x_wconf 89' lang='lat' dir='ltr'>etc.</span> 
     </span>
     <span class='ocr_line' id='line_1_8' title="bbox 270 718 1082 762; baseline 0 -8"><span class='ocrx_word' id='word_1_59' title='bbox 270 719 315 754; x_wconf 87' lang='lat' dir='ltr'><strong>R.</strong></span> <span class='ocrx_word' id='word_1_60' title='bbox 338 730 384 762; x_wconf 90' lang='lat' dir='ltr'>ap</span> <span class='ocrx_word' id='word_1_61' title='bbox 417 718 452 753; x_wconf 91' lang='lat' dir='ltr'>S.</span> <span class='ocrx_word' id='word_1_62' title='bbox 476 719 517 753; x_wconf 80' lang='lat' dir='ltr'><strong>P.</strong></span> <span class='ocrx_word' id='word_1_63' title='bbox 535 719 642 754; x_wconf 85' lang='lat' dir='ltr'>XXII</span> <span class='ocrx_word' id='word_1_64' title='bbox 660 719 765 753; x_wconf 85' lang='lat' dir='ltr'>Febr.</span> <span class='ocrx_word' id='word_1_65' title='bbox 788 721 872 754; x_wconf 89' lang='lat'>1633</span> <span class='ocrx_word' id='word_1_66' title='bbox 892 719 933 752; x_wconf 88' lang='grc' dir='ltr'>Ρ.</span> <span class='ocrx_word' id='word_1_67' title='bbox 954 731 1013 753; x_wconf 84' lang='lat' dir='ltr'>an.</span> <span class='ocrx_word' id='word_1_68' title='bbox 1035 720 1082 754; x_wconf 90' lang='lat' dir='ltr'>X.</span> 
     </span>
    </p>
   </div>
   <div class='ocr_carea' id='block_1_4' title="bbox 277 839 1863 882">
    <p class='ocr_par' dir='ltr' id='par_1_4' title="bbox 277 839 1863 882">
     <span class='ocr_line' id='line_1_9' title="bbox 277 839 1863 882; baseline 0.001 -8"><span class='ocrx_word' id='word_1_69' title='bbox 277 841 383 876; x_wconf 72' lang='lat' dir='ltr'>Ball.</span> <span class='ocrx_word' id='word_1_70' title='bbox 403 840 509 876; x_wconf 82' lang='lat' dir='ltr'>Rom.</span> <span class='ocrx_word' id='word_1_71' title='bbox 530 859 573 864; x_wconf 98' lang='lat'><strong>—</strong></span> <span class='ocrx_word' id='word_1_72' title='bbox 591 839 695 875; x_wconf 68' lang='lat' dir='ltr'>Ball.</span> <span class='ocrx_word' id='word_1_73' title='bbox 715 840 759 874; x_wconf 79' lang='lat' dir='ltr'>de</span> <span class='ocrx_word' id='word_1_74' title='bbox 774 851 882 882; x_wconf 78' lang='lat' dir='ltr'>prop.</span> <span class='ocrx_word' id='word_1_75' title='bbox 902 840 933 873; x_wconf 93' lang='lat' dir='ltr'>I.</span> <span class='ocrx_word' id='word_1_76' title='bbox 955 843 1029 875; x_wconf 84' lang='lat'>143.</span> <span class='ocrx_word' id='word_1_77' title='bbox 1603 840 1755 875; x_wconf 76' lang='lat' dir='ltr'>Elench.</span> <span class='ocrx_word' id='word_1_78' title='bbox 1775 841 1863 875; x_wconf 70' lang='lat' dir='ltr'>hall.</span> 
     </span>
    </p>
   </div>
   <div class='ocr_carea' id='block_1_5' title="bbox 274 970 1867 1444">
    <p class='ocr_par' dir='ltr' id='par_1_5' title="bbox 275 970 1867 1370">
     <span class='ocr_line' id='line_1_10' title="bbox 357 970 1867 1026; baseline 0 -12"><span class='ocrx_word' id='word_1_79' title='bbox 357 974 460 1019; x_wconf 72' lang='grc'>142.</span> <span class='ocrx_word' id='word_1_80' title='bbox 494 972 543 1014; x_wconf 91' lang='lat' dir='ltr'>A.</span> <span class='ocrx_word' id='word_1_81' title='bbox 568 972 615 1014; x_wconf 87' lang='lat' dir='ltr'><strong>F.</strong></span> <span class='ocrx_word' id='word_1_82' title='bbox 640 971 690 1014; x_wconf 91' lang='lat' dir='ltr'><strong>R.</strong></span> <span class='ocrx_word' id='word_1_83' title='bbox 714 970 773 1013; x_wconf 92' lang='lat' dir='ltr'>M.</span> <span class='ocrx_word' id='word_1_84' title='bbox 800 975 1087 1015; x_wconf 73' lang='lat' dir='ltr'>Provisioms</span> <span class='ocrx_word' id='word_1_85' title='bbox 1107 977 1307 1015; x_wconf 68' lang='lat' dir='ltr'>nostrae.</span> <span class='ocrx_word' id='word_1_86' title='bbox 1327 996 1353 1001; x_wconf 95' lang='lat'>-</span> <span class='ocrx_word' id='word_1_87' title='bbox 1374 970 1534 1013; x_wconf 88' lang='lat' dir='ltr'>Urban.</span> <span class='ocrx_word' id='word_1_88' title='bbox 1559 971 1678 1024; x_wconf 91' lang='lat' dir='ltr'>VIII,</span> <span class='ocrx_word' id='word_1_89' title='bbox 1697 976 1867 1026; x_wconf 86' lang='lat' dir='ltr'>petente</span> 
     </span>
     <span class='ocr_line' id='line_1_11' title="bbox 275 1042 1863 1098; baseline 0 -12"><span class='ocrx_word' id='word_1_90' title='bbox 275 1044 433 1087; x_wconf 88' lang='lat' dir='ltr'>Alonzo</span> <span class='ocrx_word' id='word_1_91' title='bbox 455 1044 611 1086; x_wconf 90' lang='lat' dir='ltr'>Messia</span> <span class='ocrx_word' id='word_1_92' title='bbox 631 1048 902 1098; x_wconf 85' lang='lat' dir='ltr'>procuratore</span> <span class='ocrx_word' id='word_1_93' title='bbox 922 1043 1015 1085; x_wconf 89' lang='lat' dir='ltr'>Ind.</span> <span class='ocrx_word' id='word_1_94' title='bbox 1036 1043 1133 1084; x_wconf 89' lang='lat' dir='ltr'>Occ.</span> <span class='ocrx_word' id='word_1_95' title='bbox 1160 1043 1226 1084; x_wconf 89' lang='lat' dir='ltr'>del</span> <span class='ocrx_word' id='word_1_96' title='bbox 1246 1043 1357 1084; x_wconf 89' lang='lat' dir='ltr'>Peru</span> <span class='ocrx_word' id='word_1_97' title='bbox 1378 1044 1723 1096; x_wconf 80' lang='lat' dir='ltr'>presbyterorum</span> <span class='ocrx_word' id='word_1_98' title='bbox 1744 1042 1784 1086; x_wconf 94' lang='lat' dir='ltr'><strong>S.</strong></span> <span class='ocrx_word' id='word_1_99' title='bbox 1809 1044 1863 1098; x_wconf 92' lang='lat' dir='ltr'>I.,</span> 
     </span>
     <span class='ocr_line' id='line_1_12' title="bbox 275 1114 1864 1172; baseline 0 -16"><span class='ocrx_word' id='word_1_100' title='bbox 275 1115 421 1157; x_wconf 86' lang='lat' dir='ltr'>Brevis</span> <span class='ocrx_word' id='word_1_101' title='bbox 442 1115 584 1157; x_wconf 90' lang='lat' dir='ltr'>Paulis</span> <span class='ocrx_word' id='word_1_102' title='bbox 605 1114 653 1167; x_wconf 89' lang='lat' dir='ltr'>V,</span> <span class='ocrx_word' id='word_1_103' title='bbox 674 1122 859 1172; x_wconf 65' lang='lat' dir='ltr'>Expone·</span> <span class='ocrx_word' id='word_1_104' title='bbox 879 1117 1008 1159; x_wconf 69' lang='lat' dir='ltr'>nobis</span> <span class='ocrx_word' id='word_1_105' title='bbox 1028 1129 1192 1170; x_wconf 67' lang='lat' dir='ltr'>nuper,</span> <span class='ocrx_word' id='word_1_106' title='bbox 1210 1115 1262 1156; x_wconf 76' lang='lat'>28</span> <span class='ocrx_word' id='word_1_107' title='bbox 1285 1115 1386 1168; x_wconf 85' lang='lat' dir='ltr'>Apr.</span> <span class='ocrx_word' id='word_1_108' title='bbox 1410 1116 1530 1167; x_wconf 85' lang='lat'>1609,</span> <span class='ocrx_word' id='word_1_109' title='bbox 1550 1114 1670 1156; x_wconf 86' lang='lat' dir='ltr'>Pont.</span> <span class='ocrx_word' id='word_1_110' title='bbox 1695 1128 1764 1156; x_wconf 88' lang='lat' dir='ltr'>an.</span> <span class='ocrx_word' id='word_1_111' title='bbox 1788 1114 1864 1168; x_wconf 92' lang='lat' dir='ltr'>IV,</span> 
     </span>
     <span class='ocr_line' id='line_1_13' title="bbox 275 1184 1867 1240; baseline -0.001 -13"><span class='ocrx_word' id='word_1_112' title='bbox 275 1191 591 1239; x_wconf 85' lang='lat' dir='ltr'>transumptum</span> <span class='ocrx_word' id='word_1_113' title='bbox 627 1186 794 1238; x_wconf 88' lang='lat' dir='ltr'>inserit,</span> <span class='ocrx_word' id='word_1_114' title='bbox 818 1199 914 1240; x_wconf 90' lang='lat' dir='ltr'>quo,</span> <span class='ocrx_word' id='word_1_115' title='bbox 937 1189 1106 1238; x_wconf 88' lang='lat' dir='ltr'>petente</span> <span class='ocrx_word' id='word_1_116' title='bbox 1140 1184 1337 1238; x_wconf 85' lang='lat' dir='ltr'>Philippo</span> <span class='ocrx_word' id='word_1_117' title='bbox 1375 1184 1496 1239; x_wconf 88' lang='lat' dir='ltr'>Hisp.</span> <span class='ocrx_word' id='word_1_118' title='bbox 1529 1199 1642 1238; x_wconf 83' lang='lat' dir='ltr'>rege,</span> <span class='ocrx_word' id='word_1_119' title='bbox 1678 1190 1867 1227; x_wconf 82' lang='lat' dir='ltr'>recenter</span> 
     </span>
     <span class='ocr_line' id='line_1_14' title="bbox 276 1255 1866 1311; baseline -0.001 -13"><span class='ocrx_word' id='word_1_120' title='bbox 276 1258 487 1299; x_wconf 87' lang='lat' dir='ltr'>conversis</span> <span class='ocrx_word' id='word_1_121' title='bbox 517 1256 805 1311; x_wconf 85' lang='lat' dir='ltr'>indulgentiae</span> <span class='ocrx_word' id='word_1_122' title='bbox 826 1255 1163 1298; x_wconf 89' lang='lat' dir='ltr'>concedebantur</span> <span class='ocrx_word' id='word_1_123' title='bbox 1198 1257 1364 1297; x_wconf 81' lang='lat' dir='ltr'>etiamsi</span> <span class='ocrx_word' id='word_1_124' title='bbox 1387 1270 1411 1297; x_wconf 89' lang='lat' dir='ltr'>a</span> <span class='ocrx_word' id='word_1_125' title='bbox 1442 1256 1555 1298; x_wconf 88' lang='lat' dir='ltr'>Sacr.</span> <span class='ocrx_word' id='word_1_126' title='bbox 1578 1255 1712 1298; x_wconf 87' lang='lat' dir='ltr'>Euch.</span> <span class='ocrx_word' id='word_1_127' title='bbox 1737 1256 1866 1297; x_wconf 86' lang='lat' dir='ltr'>absti-</span> 
     </span>
     <span class='ocr_line' id='line_1_15' title="bbox 277 1328 614 1370; baseline -0.003 0"><span class='ocrx_word' id='word_1_128' title='bbox 277 1342 377 1370; x_wconf 89' lang='lat' dir='ltr'>nere</span> <span class='ocrx_word' id='word_1_129' title='bbox 398 1328 614 1370; x_wconf 90' lang='lat' dir='ltr'>deberent.</span> 
     </span>
    </p>

    <p class='ocr_par' dir='ltr' id='par_1_6' title="bbox 274 1400 1073 1444">
     <span class='ocr_line' id='line_1_16' title="bbox 274 1400 1073 1444; baseline 0 -9"><span class='ocrx_word' id='word_1_130' title='bbox 274 1401 317 1435; x_wconf 85' lang='lat' dir='ltr'><strong>R.</strong></span> <span class='ocrx_word' id='word_1_131' title='bbox 335 1412 394 1444; x_wconf 87' lang='lat' dir='ltr'>ap.</span> <span class='ocrx_word' id='word_1_132' title='bbox 415 1400 451 1435; x_wconf 87' lang='lat' dir='ltr'><strong>S.</strong></span> <span class='ocrx_word' id='word_1_133' title='bbox 474 1401 512 1436; x_wconf 88' lang='lat' dir='ltr'>P.</span> <span class='ocrx_word' id='word_1_134' title='bbox 533 1400 620 1436; x_wconf 88' lang='lat' dir='ltr'>XIII</span> <span class='ocrx_word' id='word_1_135' title='bbox 639 1401 747 1436; x_wconf 84' lang='lat' dir='ltr'>Mart.</span> <span class='ocrx_word' id='word_1_136' title='bbox 767 1402 852 1436; x_wconf 86' lang='grc'>1633</span> <span class='ocrx_word' id='word_1_137' title='bbox 869 1400 911 1434; x_wconf 91' lang='grc' dir='ltr'>Ρ.</span> <span class='ocrx_word' id='word_1_138' title='bbox 931 1411 991 1434; x_wconf 87' lang='lat' dir='ltr'>an.</span> <span class='ocrx_word' id='word_1_139' title='bbox 1009 1400 1073 1435; x_wconf 86' lang='lat' dir='ltr'>XI.</span> 
     </span>
    </p>
   </div>
   <div class='ocr_carea' id='block_1_6' title="bbox 1467 1521 1868 1565">
    <p class='ocr_par' dir='ltr' id='par_1_7' title="bbox 1467 1521 1868 1565">
     <span class='ocr_line' id='line_1_17' title="bbox 1467 1521 1868 1565; baseline -0.002 -7"><span class='ocrx_word' id='word_1_140' title='bbox 1467 1522 1555 1565; x_wconf 70' lang='lat' dir='ltr'>Rey.</span> <span class='ocrx_word' id='word_1_141' title='bbox 1574 1521 1663 1557; x_wconf 66' lang='lat' dir='ltr'><strong>bula.</strong></span> <span class='ocrx_word' id='word_1_142' title='bbox 1692 1522 1752 1556; x_wconf 82' lang='lat' dir='ltr'>VI.</span> <span class='ocrx_word' id='word_1_143' title='bbox 1774 1524 1814 1556; x_wconf 79' lang='lat'>52</span> <span class='ocrx_word' id='word_1_144' title='bbox 1833 1522 1868 1557; x_wconf 91' lang='lat' dir='ltr'>b.</span> 
     </span>
    </p>
   </div>
   <div class='ocr_carea' id='block_1_7' title="bbox 273 1638 1871 2125">
    <p class='ocr_par' dir='ltr' id='par_1_8' title="bbox 273 1638 1871 2125">
     <span class='ocr_line' id='line_1_18' title="bbox 359 1638 1868 1696; baseline -0.003 -10"><span class='ocrx_word' id='word_1_145' title='bbox 359 1646 461 1692; x_wconf 71' lang='lat'>143.</span> <span class='ocrx_word' id='word_1_146' title='bbox 495 1641 533 1685; x_wconf 92' lang='lat' dir='ltr'><strong>S.</strong></span> <span class='ocrx_word' id='word_1_147' title='bbox 563 1643 714 1696; x_wconf 85' lang='lat' dir='ltr'>Congr.</span> <span class='ocrx_word' id='word_1_148' title='bbox 738 1639 853 1685; x_wconf 89' lang='lat' dir='ltr'>card.</span> <span class='ocrx_word' id='word_1_149' title='bbox 871 1641 923 1683; x_wconf 90' lang='lat' dir='ltr'>ab</span> <span class='ocrx_word' id='word_1_150' title='bbox 945 1638 1051 1684; x_wconf 90' lang='lat' dir='ltr'>Urb.</span> <span class='ocrx_word' id='word_1_151' title='bbox 1070 1639 1173 1683; x_wconf 91' lang='lat' dir='ltr'>VIII</span> <span class='ocrx_word' id='word_1_152' title='bbox 1190 1641 1243 1682; x_wconf 89' lang='lat' dir='ltr'>ad</span> <span class='ocrx_word' id='word_1_153' title='bbox 1259 1641 1447 1683; x_wconf 90' lang='lat' dir='ltr'>Indicem</span> <span class='ocrx_word' id='word_1_154' title='bbox 1463 1641 1719 1683; x_wconf 89' lang='lat' dir='ltr'>librorum...</span> <span class='ocrx_word' id='word_1_155' title='bbox 1739 1640 1868 1694; x_wconf 89' lang='lat' dir='ltr'>depu-</span> 
     </span>
     <span class='ocr_line' id='line_1_19' title="bbox 273 1713 1871 1766; baseline -0.004 -7"><span class='ocrx_word' id='word_1_156' title='bbox 273 1722 475 1759; x_wconf 82' lang='lat' dir='ltr'>tatorum.</span> <span class='ocrx_word' id='word_1_157' title='bbox 508 1740 534 1746; x_wconf 91' lang='lat'>-—</span> <span class='ocrx_word' id='word_1_158' title='bbox 564 1713 669 1756; x_wconf 89' lang='lat' dir='ltr'>Cum</span> <span class='ocrx_word' id='word_1_159' title='bbox 694 1714 1074 1756; x_wconf 86' lang='lat' dir='ltr'>controversiarum</span> <span class='ocrx_word' id='word_1_160' title='bbox 1105 1715 1214 1755; x_wconf 88' lang='lat' dir='ltr'>inter</span> <span class='ocrx_word' id='word_1_161' title='bbox 1244 1713 1521 1754; x_wconf 88' lang='lat' dir='ltr'>Calcedonen.</span> <span class='ocrx_word' id='word_1_162' title='bbox 1555 1714 1797 1766; x_wconf 90' lang='lat' dir='ltr'>episcopum</span> <span class='ocrx_word' id='word_1_163' title='bbox 1828 1716 1871 1754; x_wconf 92' lang='lat' dir='ltr'>et</span> 
     </span>
     <span class='ocr_line' id='line_1_20' title="bbox 277 1785 1868 1842; baseline -0.004 -12"><span class='ocrx_word' id='word_1_164' title='bbox 277 1788 507 1842; x_wconf 84' lang='lat' dir='ltr'>Regulares</span> <span class='ocrx_word' id='word_1_165' title='bbox 527 1786 703 1839; x_wconf 82' lang='lat' dir='ltr'>Angliae</span> <span class='ocrx_word' id='word_1_166' title='bbox 726 1790 913 1827; x_wconf 85' lang='lat' dir='ltr'>ortarum</span> <span class='ocrx_word' id='word_1_167' title='bbox 943 1786 1165 1827; x_wconf 85' lang='lat' dir='ltr'>occasione</span> <span class='ocrx_word' id='word_1_168' title='bbox 1186 1785 1284 1826; x_wconf 92' lang='lat' dir='ltr'>libri</span> <span class='ocrx_word' id='word_1_169' title='bbox 1310 1786 1394 1826; x_wconf 91' lang='lat' dir='ltr'>sint</span> <span class='ocrx_word' id='word_1_170' title='bbox 1415 1785 1648 1837; x_wconf 85' lang='lat' dir='ltr'>evulgati...</span> <span class='ocrx_word' id='word_1_171' title='bbox 1675 1798 1757 1825; x_wconf 88' lang='lat' dir='ltr'>non</span> <span class='ocrx_word' id='word_1_172' title='bbox 1779 1785 1868 1824; x_wconf 90' lang='lat' dir='ltr'>sine</span> 
     </span>
     <span class='ocr_line' id='line_1_21' title="bbox 278 1855 1867 1915; baseline -0.004 -14"><span class='ocrx_word' id='word_1_173' title='bbox 278 1859 597 1915; x_wconf 89' lang='lat' dir='ltr'>perturbatione</span> <span class='ocrx_word' id='word_1_174' title='bbox 618 1858 772 1912; x_wconf 86' lang='lat' dir='ltr'>quietis</span> <span class='ocrx_word' id='word_1_175' title='bbox 794 1862 836 1899; x_wconf 89' lang='lat' dir='ltr'>et</span> <span class='ocrx_word' id='word_1_176' title='bbox 856 1858 1039 1898; x_wconf 84' lang='lat' dir='ltr'>scissura</span> <span class='ocrx_word' id='word_1_177' title='bbox 1059 1857 1154 1898; x_wconf 87' lang='lat' dir='ltr'>frat.</span> <span class='ocrx_word' id='word_1_178' title='bbox 1179 1856 1385 1908; x_wconf 89' lang='lat' dir='ltr'>caritatis,</span> <span class='ocrx_word' id='word_1_179' title='bbox 1409 1855 1646 1896; x_wconf 85' lang='lat' dir='ltr'>litterarum</span> <span class='ocrx_word' id='word_1_180' title='bbox 1667 1855 1867 1908; x_wconf 86' lang='lat' dir='ltr'>apostoli-</span> 
     </span>
     <span class='ocr_line' id='line_1_22' title="bbox 274 1925 1868 1977; baseline -0.004 -4"><span class='ocrx_word' id='word_1_181' title='bbox 274 1945 419 1973; x_wconf 87' lang='lat' dir='ltr'>carum</span> <span class='ocrx_word' id='word_1_182' title='bbox 441 1929 574 1972; x_wconf 89' lang='lat' dir='ltr'>Clem.</span> <span class='ocrx_word' id='word_1_183' title='bbox 598 1928 702 1970; x_wconf 91' lang='lat' dir='ltr'>VIII</span> <span class='ocrx_word' id='word_1_184' title='bbox 737 1930 764 1977; x_wconf 48' lang='lat'>5„</span> <span class='ocrx_word' id='word_1_185' title='bbox 783 1927 874 1970; x_wconf 92' lang='lat' dir='ltr'>Oct.</span> <span class='ocrx_word' id='word_1_186' title='bbox 903 1929 1008 1969; x_wconf 78' lang='lat'>1602</span> <span class='ocrx_word' id='word_1_187' title='bbox 1046 1933 1088 1968; x_wconf 92' lang='lat' dir='ltr'>et</span> <span class='ocrx_word' id='word_1_188' title='bbox 1107 1927 1213 1969; x_wconf 91' lang='lat' dir='ltr'>Urb.</span> <span class='ocrx_word' id='word_1_189' title='bbox 1240 1925 1341 1968; x_wconf 94' lang='lat' dir='ltr'>VIII</span> <span class='ocrx_word' id='word_1_190' title='bbox 1363 1928 1386 1966; x_wconf 88' lang='lat'>9</span> <span class='ocrx_word' id='word_1_191' title='bbox 1418 1925 1521 1967; x_wconf 89' lang='lat' dir='ltr'>Maii</span> <span class='ocrx_word' id='word_1_192' title='bbox 1551 1928 1652 1967; x_wconf 92' lang='grc'>1631</span> <span class='ocrx_word' id='word_1_193' title='bbox 1687 1925 1868 1967; x_wconf 88' lang='lat' dir='ltr'>auctori-</span> 
     </span>
     <span class='ocr_line' id='line_1_23' title="bbox 276 1997 1868 2054; baseline -0.004 -9"><span class='ocrx_word' id='word_1_194' title='bbox 276 2008 410 2046; x_wconf 87' lang='lat' dir='ltr'>tatem</span> <span class='ocrx_word' id='word_1_195' title='bbox 433 2007 595 2054; x_wconf 88' lang='lat' dir='ltr'>secuta,</span> <span class='ocrx_word' id='word_1_196' title='bbox 619 2001 660 2042; x_wconf 89' lang='lat' dir='ltr'>d.</span> <span class='ocrx_word' id='word_1_197' title='bbox 684 1999 957 2053; x_wconf 79' lang='lat' dir='ltr'>Congregatio</span> <span class='ocrx_word' id='word_1_198' title='bbox 992 1999 1120 2041; x_wconf 91' lang='lat' dir='ltr'>libros</span> <span class='ocrx_word' id='word_1_199' title='bbox 1139 2004 1344 2040; x_wconf 88' lang='lat' dir='ltr'>tractatus</span> <span class='ocrx_word' id='word_1_200' title='bbox 1376 1999 1504 2040; x_wconf 88' lang='lat' dir='ltr'>etiam</span> <span class='ocrx_word' id='word_1_201' title='bbox 1530 2012 1631 2039; x_wconf 87' lang='lat' dir='ltr'>msc.</span> <span class='ocrx_word' id='word_1_202' title='bbox 1657 1997 1868 2051; x_wconf 86' lang='lat' dir='ltr'>praefatas</span> 
     </span>
     <span class='ocr_line' id='line_1_24' title="bbox 277 2069 1867 2125; baseline -0.004 -9"><span class='ocrx_word' id='word_1_203' title='bbox 277 2075 570 2117; x_wconf 84' lang='lat' dir='ltr'>contentiones</span> <span class='ocrx_word' id='word_1_204' title='bbox 591 2073 847 2125; x_wconf 85' lang='lat' dir='ltr'>attingentes</span> <span class='ocrx_word' id='word_1_205' title='bbox 882 2072 1120 2125; x_wconf 87' lang='lat' dir='ltr'>supprimit,</span> <span class='ocrx_word' id='word_1_206' title='bbox 1144 2071 1221 2112; x_wconf 89' lang='lat' dir='ltr'>sub</span> <span class='ocrx_word' id='word_1_207' title='bbox 1257 2083 1393 2123; x_wconf 88' lang='lat' dir='ltr'>poena</span> <span class='ocrx_word' id='word_1_208' title='bbox 1412 2083 1619 2112; x_wconf 86' lang='lat' dir='ltr'>excomm.</span> <span class='ocrx_word' id='word_1_209' title='bbox 1646 2070 1734 2123; x_wconf 89' lang='lat' dir='ltr'>ipso</span> <span class='ocrx_word' id='word_1_210' title='bbox 1756 2069 1867 2109; x_wconf 83' lang='lat' dir='ltr'>facto</span> 
     </span>
    </p>
   </div>
   <div class='ocr_carea' id='block_1_8' title="bbox 277 2144 573 2188">
    <p class='ocr_par' dir='ltr' id='par_1_9' title="bbox 277 2144 573 2188">
     <span class='ocr_line' id='line_1_25' title="bbox 277 2144 573 2188; baseline -0.007 0"><span class='ocrx_word' id='word_1_211' title='bbox 277 2144 573 2188; x_wconf 86' lang='lat' dir='ltr'>incurrendae.</span> 
     </span>
    </p>
   </div>
   <div class='ocr_carea' id='block_1_9' title="bbox 275 2218 840 2314">
    <p class='ocr_par' dir='ltr' id='par_1_10' title="bbox 275 2218 840 2314">
     <span class='ocr_line' id='line_1_26' title="bbox 275 2218 557 2254; baseline -0.007 0"><span class='ocrx_word' id='word_1_212' title='bbox 275 2221 316 2254; x_wconf 85' lang='lat'>19</span> <span class='ocrx_word' id='word_1_213' title='bbox 332 2218 439 2252; x_wconf 81' lang='lat' dir='ltr'>Mart.</span> <span class='ocrx_word' id='word_1_214' title='bbox 462 2220 557 2252; x_wconf 87' lang='lat'>1633.</span> 
     </span>
     <span class='ocr_line' id='line_1_27' title="bbox 276 2271 840 2314; baseline -0.009 -5"><span class='ocrx_word' id='word_1_215' title='bbox 276 2273 388 2309; x_wconf 69' lang='lat' dir='ltr'>Amal.</span> <span class='ocrx_word' id='word_1_216' title='bbox 409 2272 488 2306; x_wconf 82' lang='lat' dir='ltr'>Iur.</span> <span class='ocrx_word' id='word_1_217' title='bbox 511 2271 618 2305; x_wconf 73' lang='lat' dir='ltr'>Pom.</span> <span class='ocrx_word' id='word_1_218' title='bbox 639 2272 668 2306; x_wconf 87' lang='lat' dir='ltr'>I.</span> <span class='ocrx_word' id='word_1_219' title='bbox 688 2282 721 2314; x_wconf 89' lang='lat' dir='ltr'>p.</span> <span class='ocrx_word' id='word_1_220' title='bbox 743 2272 840 2306; x_wconf 78' lang='lat'><strong>1234.</strong></span> 
     </span>
    </p>
   </div>
   <div class='ocr_carea' id='block_1_10' title="bbox 278 2380 1869 2584">
    <p class='ocr_par' dir='ltr' id='par_1_11' title="bbox 278 2380 1869 2584">
     <span class='ocr_line' id='line_1_28' title="bbox 361 2380 1869 2443; baseline -0.007 -9"><span class='ocrx_word' id='word_1_221' title='bbox 361 2390 463 2434; x_wconf 77' lang='lat'>144.</span> <span class='ocrx_word' id='word_1_222' title='bbox 498 2389 550 2429; x_wconf 92' lang='lat' dir='ltr'><strong>A.</strong></span> <span class='ocrx_word' id='word_1_223' title='bbox 573 2386 620 2429; x_wconf 87' lang='lat' dir='ltr'>F.</span> <span class='ocrx_word' id='word_1_224' title='bbox 659 2387 709 2430; x_wconf 88' lang='lat' dir='ltr'>R.</span> <span class='ocrx_word' id='word_1_225' title='bbox 736 2388 794 2431; x_wconf 91' lang='lat' dir='ltr'>M.</span> <span class='ocrx_word' id='word_1_226' title='bbox 821 2391 952 2432; x_wconf 65' lang='lat' dir='ltr'>Alias</span> <span class='ocrx_word' id='word_1_227' title='bbox 970 2389 1029 2443; x_wconf 81' lang='lat' dir='ltr'>fe.</span> <span class='ocrx_word' id='word_1_228' title='bbox 1052 2400 1116 2430; x_wconf 74' lang='lat' dir='ltr'>re.</span> <span class='ocrx_word' id='word_1_229' title='bbox 1141 2388 1271 2429; x_wconf 76' lang='lat' dir='ltr'>Paul.</span> <span class='ocrx_word' id='word_1_230' title='bbox 1298 2392 1428 2440; x_wconf 77' lang='lat' dir='ltr'>Papa</span> <span class='ocrx_word' id='word_1_231' title='bbox 1455 2390 1504 2425; x_wconf 89' lang='lat' dir='ltr'>V.</span> <span class='ocrx_word' id='word_1_232' title='bbox 1527 2408 1553 2413; x_wconf 97' lang='lat'><em>-</em></span> <span class='ocrx_word' id='word_1_233' title='bbox 1582 2381 1741 2425; x_wconf 88' lang='lat' dir='ltr'>Urban.</span> <span class='ocrx_word' id='word_1_234' title='bbox 1769 2380 1869 2424; x_wconf 95' lang='lat' dir='ltr'>VIII</span> 
     </span>
     <span class='ocr_line' id='line_1_29' title="bbox 278 2453 1869 2513; baseline -0.005 -12"><span class='ocrx_word' id='word_1_235' title='bbox 278 2458 557 2501; x_wconf 87' lang='lat' dir='ltr'>Hernandum</span> <span class='ocrx_word' id='word_1_236' title='bbox 593 2458 645 2500; x_wconf 91' lang='lat' dir='ltr'>de</span> <span class='ocrx_word' id='word_1_237' title='bbox 667 2458 837 2502; x_wconf 88' lang='lat' dir='ltr'>Salazar</span> <span class='ocrx_word' id='word_1_238' title='bbox 866 2457 1003 2513; x_wconf 86' lang='lat' dir='ltr'>presb.</span> <span class='ocrx_word' id='word_1_239' title='bbox 1027 2456 1134 2511; x_wconf 85' lang='lat' dir='ltr'>prof.</span> <span class='ocrx_word' id='word_1_240' title='bbox 1158 2454 1199 2498; x_wconf 92' lang='lat' dir='ltr'><strong>S.</strong></span> <span class='ocrx_word' id='word_1_241' title='bbox 1224 2455 1278 2507; x_wconf 90' lang='lat'>1.‚</span> <span class='ocrx_word' id='word_1_242' title='bbox 1302 2468 1427 2509; x_wconf 90' lang='lat' dir='ltr'>quem</span> <span class='ocrx_word' id='word_1_243' title='bbox 1457 2454 1665 2496; x_wconf 88' lang='lat' dir='ltr'>ecclesiae</span> <span class='ocrx_word' id='word_1_244' title='bbox 1696 2453 1869 2495; x_wconf 86' lang='lat' dir='ltr'>Charia-</span> 
     </span>
     <span class='ocr_line' id='line_1_30' title="bbox 279 2524 1868 2584; baseline -0.005 -11"><span class='ocrx_word' id='word_1_245' title='bbox 279 2545 373 2573; x_wconf 89' lang='lat' dir='ltr'>rum</span> <span class='ocrx_word' id='word_1_246' title='bbox 395 2531 439 2572; x_wconf 91' lang='lat' dir='ltr'>in</span> <span class='ocrx_word' id='word_1_247' title='bbox 474 2529 607 2571; x_wconf 90' lang='lat' dir='ltr'>Indiis</span> <span class='ocrx_word' id='word_1_248' title='bbox 627 2530 858 2584; x_wconf 88' lang='lat' dir='ltr'>praeficere</span> <span class='ocrx_word' id='word_1_249' title='bbox 894 2528 1090 2581; x_wconf 87' lang='lat' dir='ltr'>intendit,</span> <span class='ocrx_word' id='word_1_250' title='bbox 1113 2527 1329 2581; x_wconf 90' lang='lat' dir='ltr'>dispensat</span> <span class='ocrx_word' id='word_1_251' title='bbox 1350 2540 1375 2566; x_wconf 89' lang='lat' dir='ltr'>a</span> <span class='ocrx_word' id='word_1_252' title='bbox 1404 2530 1499 2566; x_wconf 86' lang='lat' dir='ltr'>voto</span> <span class='ocrx_word' id='word_1_253' title='bbox 1521 2525 1572 2566; x_wconf 91' lang='lat' dir='ltr'>de</span> <span class='ocrx_word' id='word_1_254' title='bbox 1593 2524 1868 2579; x_wconf 86' lang='lat' dir='ltr'>dignitatibus</span> 
     </span>
    </p>
   </div>
   <div class='ocr_carea' id='block_1_11' title="bbox 279 2601 1006 2717">
    <p class='ocr_par' dir='ltr' id='par_1_12' title="bbox 279 2601 1006 2717">
     <span class='ocr_line' id='line_1_31' title="bbox 281 2601 670 2655; baseline 0.003 -11"><span class='ocrx_word' id='word_1_255' title='bbox 281 2616 363 2645; x_wconf 91' lang='lat' dir='ltr'>non</span> <span class='ocrx_word' id='word_1_256' title='bbox 384 2601 670 2655; x_wconf 83' lang='lat' dir='ltr'>acceptandis.</span> 
     </span>
     <span class='ocr_line' id='line_1_32' title="bbox 279 2673 1006 2717; baseline -0.004 -7"><span class='ocrx_word' id='word_1_257' title='bbox 279 2674 325 2710; x_wconf 87' lang='lat' dir='ltr'>R.</span> <span class='ocrx_word' id='word_1_258' title='bbox 343 2685 405 2717; x_wconf 87' lang='lat' dir='ltr'>ap.</span> <span class='ocrx_word' id='word_1_259' title='bbox 422 2674 460 2707; x_wconf 81' lang='lat' dir='ltr'><strong>S.</strong></span> <span class='ocrx_word' id='word_1_260' title='bbox 480 2673 520 2708; x_wconf 81' lang='lat' dir='ltr'><strong>P.</strong></span> <span class='ocrx_word' id='word_1_261' title='bbox 536 2673 589 2708; x_wconf 88' lang='lat' dir='ltr'>IX</span> <span class='ocrx_word' id='word_1_262' title='bbox 607 2674 696 2716; x_wconf 87' lang='lat' dir='ltr'>Apr.</span> <span class='ocrx_word' id='word_1_263' title='bbox 717 2676 802 2709; x_wconf 87' lang='grc'>1633</span> <span class='ocrx_word' id='word_1_264' title='bbox 820 2674 861 2708; x_wconf 93' lang='grc' dir='ltr'>Ρ.</span> <span class='ocrx_word' id='word_1_265' title='bbox 880 2684 939 2706; x_wconf 82' lang='lat' dir='ltr'>an.</span> <span class='ocrx_word' id='word_1_266' title='bbox 959 2673 1006 2707; x_wconf 82' lang='lat' dir='ltr'>X.</span> 
     </span>
    </p>
   </div>
   <div class='ocr_carea' id='block_1_12' title="bbox 1514 2778 1867 2822">
    <p class='ocr_par' dir='ltr' id='par_1_13' title="bbox 1514 2778 1867 2822">
     <span class='ocr_line' id='line_1_33' title="bbox 1514 2778 1867 2822; baseline -0.003 -8"><span class='ocrx_word' id='word_1_267' title='bbox 1514 2778 1599 2822; x_wconf 77' lang='lat' dir='ltr'>Rey.</span> <span class='ocrx_word' id='word_1_268' title='bbox 1620 2780 1709 2812; x_wconf 83' lang='lat' dir='ltr'>bull.</span> <span class='ocrx_word' id='word_1_269' title='bbox 1738 2778 1795 2813; x_wconf 89' lang='lat' dir='ltr'>VI.</span> <span class='ocrx_word' id='word_1_270' title='bbox 1813 2780 1867 2813; x_wconf 82' lang='lat'><strong>28.</strong></span> 
     </span>
    </p>
   </div>
   <div class='ocr_carea' id='block_1_13' title="bbox 280 2887 1870 3089">
    <p class='ocr_par' dir='ltr' id='par_1_14' title="bbox 280 2887 1870 3089">
     <span class='ocr_line' id='line_1_34' title="bbox 366 2887 1870 2942; baseline -0.008 -2"><span class='ocrx_word' id='word_1_271' title='bbox 366 2896 467 2939; x_wconf 83' lang='lat'><strong>145.</strong></span> <span class='ocrx_word' id='word_1_272' title='bbox 499 2891 549 2935; x_wconf 88' lang='lat' dir='ltr'>A.</span> <span class='ocrx_word' id='word_1_273' title='bbox 574 2892 622 2935; x_wconf 92' lang='lat' dir='ltr'>P.</span> <span class='ocrx_word' id='word_1_274' title='bbox 646 2890 696 2933; x_wconf 90' lang='lat' dir='ltr'>R.</span> <span class='ocrx_word' id='word_1_275' title='bbox 721 2889 778 2934; x_wconf 90' lang='lat' dir='ltr'>M.</span> <span class='ocrx_word' id='word_1_276' title='bbox 807 2898 912 2935; x_wconf 73' lang='lat' dir='ltr'>Cum</span> <span class='ocrx_word' id='word_1_277' title='bbox 934 2892 1051 2935; x_wconf 77' lang='lat' dir='ltr'>sicut</span> <span class='ocrx_word' id='word_1_278' title='bbox 1070 2893 1237 2934; x_wconf 69' lang='lat' dir='ltr'>dilecti.</span> <span class='ocrx_word' id='word_1_279' title='bbox 1261 2913 1287 2919; x_wconf 97' lang='lat'><em>-</em></span> <span class='ocrx_word' id='word_1_280' title='bbox 1307 2887 1466 2931; x_wconf 88' lang='lat' dir='ltr'>Urban.</span> <span class='ocrx_word' id='word_1_281' title='bbox 1493 2888 1610 2941; x_wconf 88' lang='lat' dir='ltr'>VIII,</span> <span class='ocrx_word' id='word_1_282' title='bbox 1630 2887 1870 2942; x_wconf 85' lang='lat' dir='ltr'>petentibus</span> 
     </span>
     <span class='ocr_line' id='line_1_35' title="bbox 280 2959 1870 3017; baseline -0.006 -9"><span class='ocrx_word' id='word_1_283' title='bbox 280 2969 383 3009; x_wconf 82' lang='lat' dir='ltr'>rect.</span> <span class='ocrx_word' id='word_1_284' title='bbox 407 2970 450 3007; x_wconf 89' lang='lat' dir='ltr'>et</span> <span class='ocrx_word' id='word_1_285' title='bbox 483 2963 628 3017; x_wconf 84' lang='lat' dir='ltr'>colleg.</span> <span class='ocrx_word' id='word_1_286' title='bbox 668 2962 765 3004; x_wconf 89' lang='lat' dir='ltr'>coll.</span> <span class='ocrx_word' id='word_1_287' title='bbox 804 2961 846 3004; x_wconf 91' lang='lat' dir='ltr'><strong>S.</strong></span> <span class='ocrx_word' id='word_1_288' title='bbox 869 2961 905 3004; x_wconf 88' lang='grc' dir='ltr'>Ι.</span> <span class='ocrx_word' id='word_1_289' title='bbox 943 2960 994 3003; x_wconf 90' lang='lat' dir='ltr'>de</span> <span class='ocrx_word' id='word_1_290' title='bbox 1024 2960 1155 3013; x_wconf 90' lang='lat' dir='ltr'>Urbe,</span> <span class='ocrx_word' id='word_1_291' title='bbox 1179 2962 1223 3002; x_wconf 91' lang='lat' dir='ltr'>in</span> <span class='ocrx_word' id='word_1_292' title='bbox 1258 2960 1445 3002; x_wconf 87' lang='lat' dir='ltr'>favorem</span> <span class='ocrx_word' id='word_1_293' title='bbox 1476 2960 1662 3012; x_wconf 83' lang='lat' dir='ltr'>oratorii,</span> <span class='ocrx_word' id='word_1_294' title='bbox 1685 2959 1790 3000; x_wconf 89' lang='lat' dir='ltr'>alias</span> <span class='ocrx_word' id='word_1_295' title='bbox 1825 2959 1870 2999; x_wconf 92' lang='lat' dir='ltr'>in</span> 
     </span>
     <span class='ocr_line' id='line_1_36' title="bbox 280 3030 1866 3089; baseline -0.006 -10"><span class='ocrx_word' id='word_1_296' title='bbox 280 3043 398 3080; x_wconf 86' lang='lat' dir='ltr'>curte</span> <span class='ocrx_word' id='word_1_297' title='bbox 426 3035 591 3089; x_wconf 82' lang='lat' dir='ltr'>collegii</span> <span class='ocrx_word' id='word_1_298' title='bbox 620 3035 826 3077; x_wconf 84' lang='lat' dir='ltr'>exstructi</span> <span class='ocrx_word' id='word_1_299' title='bbox 856 3038 898 3075; x_wconf 90' lang='lat' dir='ltr'>et</span> <span class='ocrx_word' id='word_1_300' title='bbox 931 3033 1028 3075; x_wconf 84' lang='lat' dir='ltr'>usui</span> <span class='ocrx_word' id='word_1_301' title='bbox 1061 3033 1357 3075; x_wconf 86' lang='lat' dir='ltr'>exercitiorum</span> <span class='ocrx_word' id='word_1_302' title='bbox 1396 3032 1498 3085; x_wconf 89' lang='lat' dir='ltr'>spir.</span> <span class='ocrx_word' id='word_1_303' title='bbox 1516 3030 1866 3084; x_wconf 85' lang='lat' dir='ltr'>congregationis</span> 
     </span>
    </p>
   </div>
  </div>
 </body>
</html>
