1989 3252
265 177 401 233 Greg.
426 177 561 222 XIII.
941 200 994 204 —
1025 180 1107 221 524
1140 204 1188 209 —
1723 186 1853 230 1583.

347 263 470 312 ⁶239?
504 267 717 309 Redrlzdzt
736 267 882 310 nobis.
917 290 942 296 —
983 265 1105 319 Greg.
1143 265 1249 308 XIII
1285 268 1497 322 Stephano
1532 269 1731 312 Poloniae
1767 273 1856 326 regi

260 334 416 375 illustri
458 335 670 388 significat
708 349 752 377 se
792 350 868 389 per
905 337 1001 377 Ant.
1042 336 1317 381 Possevinum
1353 341 1443 381 eius
1477 340 1642 383 litteras
1674 346 1717 384 et
1736 343 1854 384 varia

259 407 488 460 accepisse,
510 406 564 448 ad
585 407 838 449 charitatem
861 422 956 449 cum
988 407 1211 462 Rodulpho
1232 411 1276 451 in
1305 410 1427 453 Rom.
1465 412 1573 466 Imp.
1597 413 1734 455 electo
1757 428 1853 456 eum

260 477 469 530 hortatur,
493 478 612 519 cuius
632 479 691 519 rei
713 492 843 520 causa
864 478 918 520 ad
940 480 1134 521 nuntium
1156 494 1200 521 se
1221 481 1405 524 scribere
1426 487 1468 524 et
1488 482 1762 526 Possevinum
1782 485 1850 527 vel

257 548 388 589 alium
410 550 577 591 mittere
597 550 720 602 velle,
743 551 778 591 si
799 564 904 604 opus
925 551 994 603 sit,
1017 550 1150 594 addit.

256 614 300 650 R.
320 626 378 658 ap.
401 615 437 649 S.
457 616 507 651 M.
528 616 635 652 XXII
653 616 752 660 Sept.
775 619 859 651 1582
878 617 919 651 Ρ.
938 627 999 652 an.
1017 617 1081 653 XI.

259 725 426 767 Thet'ner,
446 738 538 761 ann.
558 727 644 762 eccl.
664 727 715 761 ad
732 730 768 762 h.
789 738 825 762 a.
846 739 882 762 n.
901 730 955 763 71.

337 836 459 882 242.ξ
491 843 547 879 Εἰ
569 843 705 881 antea
725 852 784 882 em
804 840 985 881 litteris.
1019 862 1045 867 —
1075 836 1199 891 Greg.
1223 836 1328 878 XIII
1361 837 1559 881 Poloniae
1593 841 1846 884 cancellario

255 908 306 949 de
327 908 539 962 religionis
560 908 715 961 studio,
739 909 850 964 quod
871 923 926 950 ex
948 910 1121 950 Antonii
1156 909 1375 951 Possevini
1410 910 1564 953 litteris
1584 917 1626 954 et
1655 927 1846 955 sermone

253 980 433 1033 accepit,
470 980 740 1033 gratulatum
774 995 850 1034 per
883 980 1093 1030 eumdem,
1118 995 1242 1035 quem
1279 980 1331 1022 ad
1368 995 1506 1034 regem
1542 984 1688 1037 mittit,
1729 985 1847 1026 varia

253 1051 595 1092 communicabit.

252 1117 290 1151 R.
311 1128 370 1160 ap.
391 1117 426 1152 S.
445 1118 495 1152 M.
514 1118 529 1153 I
548 1119 626 1153 Oet.
649 1120 733 1154 1582
754 1119 790 1152 P.
811 1130 870 1152 an.
891 1118 955 1154 XI.

255 1227 424 1268 Themer,
445 1240 535 1263 ann.
556 1232 638 1264 eccl.
660 1232 710 1263 ad
727 1228 762 1264 h.
783 1240 818 1264 α.
840 1241 876 1264 n.
895 1232 949 1264 41.

334 1336 457 1382 '246ss
479 1337 529 1379 A.
548 1336 595 1379 P.
615 1337 664 1379 R.
678 1336 736 1379 M.
754 1337 929 1382 Quanto
950 1341 1156 1382 membra
1180 1341 1363 1383 clarusci.
1384 1363 1409 1369 -
1425 1338 1841 1394 GregXIIIpericli-

250 1419 363 1456 tatae
386 1428 460 1468 per
480 1420 622 1456 turcas
652 1415 1027 1470 schismaticosque
1042 1416 1283 1469 provinciae
1300 1415 1574 1457 ruthenorum
1592 1421 1634 1458 et
1651 1417 1839 1460 moscho-

248 1486 430 1528 vitarum
467 1501 712 1528 succurrere
749 1487 908 1537 volens,
931 1487 975 1528 in
1015 1488 1189 1529 civitate
1228 1486 1434 1529 Wilnensi
1475 1487 1700 1530 Lituaniae
1741 1489 1840 1531 sede

250 1558 398 1611 regali,
422 1558 647 1611 collegium
669 1559 944 1601 seminarium
967 1558 1267 1613 appellandum
1287 1559 1426 1612 erigit,
1450 1560 1647 1612 regimini
1667 1561 1840 1602 rectoris

247 1629 417 1684 collegii
451 1630 492 1672 S.
518 1630 553 1672 I.
592 1645 727 1685 nuper
762 1631 821 1672 ibi
856 1632 985 1673 erecti
1021 1631 1209 1683 subiicit,
1231 1632 1355 1685 eique
1375 1632 1620 1684 pensionem
1644 1634 1749 1674 1200
1779 1647 1838 1676 sc.

247 1702 338 1743 auri
360 1716 485 1755 super
506 1701 641 1744 officio
663 1702 909 1753 datariatus,
932 1703 1109 1756 singulis
1133 1702 1348 1744 mensibus
1369 1716 1444 1756 pro
1461 1707 1554 1744 rata
1569 1703 1622 1744 ad
1641 1705 1690 1745 15
1708 1718 1839 1745 annos

246 1779 447 1815 reservat.

245 1840 287 1875 R.
306 1851 364 1883 ap.
386 1840 423 1875 S.
443 1840 483 1874 P.
505 1852 588 1874 non.
611 1841 715 1875 Febr.
736 1843 821 1876 1582
839 1841 881 1875 P.
900 1852 959 1876 an.
982 1841 1046 1876 XI.

243 1952 344 1986 Bull.
363 1953 481 1996 depr.
504 1954 528 1990 f.
551 1952 624 1987 III.
641 1964 679 1996 p.
700 1954 776 1987 522.

323 2060 447 2106 *346-3
479 2064 552 2104 Ast
581 2064 890 2118 Apostolicam
926 2064 1217 2119 simultatem.
1255 2086 1281 2091 -
1316 2062 1440 2115 Greg.
1480 2060 1585 2102 XIII
1636 2061 1831 2114 episcopo

241 2131 408 2173 Albien.
437 2131 608 2173 mandat
645 2138 692 2174 ut
721 2133 841 2175 iuxta
875 2147 1020 2187 preces
1051 2134 1227 2175 rectoris
1261 2133 1427 2187 collegii
1463 2133 1503 2175 S.
1524 2133 1557 2175 I.
1583 2134 1627 2174 in
1658 2133 1831 2174 civitate

241 2202 452 2245 Tolosana
472 2205 600 2245 erecti
624 2205 855 2257 prioratum
890 2210 1099 2247 conventu
1135 2210 1178 2246 et
1210 2205 1448 2246 animarum
1480 2218 1582 2246 cura
1616 2208 1829 2246 carentem

237 2274 283 2315 B.
311 2274 472 2316 Mariae
488 2274 539 2316 de
556 2275 692 2328 Burgo
708 2275 851 2330 oppidi
868 2275 1119 2330 Rapistungi
1141 2275 1229 2318 ord.
1254 2275 1498 2318 Cluniacen.
1517 2275 1673 2318 Albien
1689 2274 1822 2316 dioec.

236 2360 330 2387 cum
352 2347 535 2399 primurn
556 2348 770 2389 vacaverit
791 2347 831 2390 d.
856 2347 1031 2401 collegio
1052 2352 1265 2389 annectat.

234 2412 277 2447 R.
298 2424 355 2455 ap.
376 2414 412 2448 S.
434 2414 481 2448 M.
505 2414 556 2448 IX
575 2413 649 2448 kal.
672 2414 779 2449 Mart.
804 2417 888 2450 1583
910 2415 951 2449 P.
970 2425 1029 2448 an.
1050 2414 1130 2450 XII.

1163 2525 1288 2560 szcl.
1307 2536 1364 2568 pr.
1392 2525 1508 2559 Tolos.
1529 2530 1552 2559 t.
1573 2524 1638 2559 III
1659 2525 1824 2558 Telos-on,

315 2636 439 2680 :246st
472 2641 648 2679 Laecam
669 2639 1017 2681 incredibiliter.
1042 2661 1068 2667 —
1098 2635 1222 2689 Greg.
1261 2635 1365 2677 XIII
1403 2634 1598 2677 Michano
1635 2635 1822 2688 Principi

235 2705 477 2759 Valachiae,
516 2721 667 2759 magna
701 2721 798 2761 erga
833 2708 951 2750 Eccl.
990 2707 1111 2749 Rom.
1150 2708 1341 2749 homines
1376 2707 1633 2760 benignitate
1667 2707 1819 2758 utenti,

231 2778 404 2819 mandat
444 2779 540 2820 Ant.
580 2779 853 2821 Possevinum
895 2781 967 2834 qui
1006 2780 1231 2822 commissa
1267 2779 1347 2820 sibi
1380 2793 1406 2820 a
1441 2778 1644 2820 Pontifice
1678 2791 1819 2819 coram

228 2854 424 2903 exponet.

226 2915 270 2949 R.
289 2926 347 2959 ap.
368 2915 404 2950 S.
428 2916 467 2950 Ρ.
489 2916 572 2951 XIV
593 2917 678 2950 Maii
703 2918 785 2952 1583
804 2916 845 2951 P.
865 2928 924 2951 an.
945 2917 1007 2952 XI.

232 3024 398 3067 Theiner,
419 3037 508 3060 amc.
531 3028 613 3061 eccl.
633 3029 682 3059 ad
701 3025 736 3062 h.
753 3038 788 3061 α.
807 3039 844 3061 n.
865 3029 918 3062 59.
