1989 3252
296 175 430 219 Alex.
455 174 559 219 VII.
968 198 1024 204 —
1052 174 1132 216 370
1167 200 1213 205 —
1754 177 1882 222 1657,

382 263 455 306 28.
490 261 539 301 A.
574 259 606 300 P
653 259 705 301 R.
740 259 798 302 M.
832 266 1129 305 Saerosmzctz'
1164 265 1473 318 Apostolatus.
1506 287 1532 292 —
1553 262 1676 305 Alex.
1712 262 1807 316 VII,
1830 263 1884 304 ad

297 331 506 378 sedandasv
523 345 669 384 graves
689 332 980 373 contentiones
997 333 1041 373 in
1057 346 1183 386 regno
1200 332 1431 385 Navarrae,
1450 334 1633 387 iniungit
1648 339 1696 375 ut
1712 339 1888 388 quotan-

299 405 364 444 nis
387 411 590 457 tanquam
613 403 664 444 de
694 404 882 456 patronis
916 417 1049 457 aeque
1079 404 1386 458 principalibus
1417 404 1457 446 d.
1490 406 1622 458 regni,
1646 405 1886 448 recolantur

294 474 404 516 festa
427 473 497 515 sS.
522 473 701 514 Firmini
722 475 922 526 martyris
942 478 985 515 et
1004 474 1152 516 Franc.
1179 475 1352 517 Xaverii
1373 475 1641 517 confessoris.

295 540 331 576 S.
352 552 409 584 ap.
431 540 468 575 S.
489 540 532 574 P.
552 540 638 575 XIV
655 542 745 584 Apr.
765 543 850 576 1657
869 540 911 576 Ρ.
930 552 989 575 an.
1008 541 1053 577 H.

295 666 398 700 Bull.
419 667 526 701 Rom.
1629 667 1781 702 Elench.
1800 668 1888 702 bule.

379 799 452 842 29.
483 799 617 841 Sacri
638 800 921 853 apostolatus
940 804 1211 843 ministerio.
1248 824 1274 829 —
1305 798 1427 840 Alex.
1457 797 1536 839 VH
1566 797 1890 841 vicario'archi-

297 869 486 922 episcopi
515 867 728 921 Ragusan.
760 867 935 909 mandat
965 873 1010 909 ut
1039 868 1094 910 ad
1124 870 1429 912 incrementum
1469 868 1813 911 aedificationum
1848 874 1891 912 et

296 945 454 982 certam
487 939 780 981 fundationem
812 939 976 993 collegii
997 940 1037 982 S.
1063 940 1098 983 I.
1123 942 1166 982 in
1196 940 1312 983 Urbe
1342 941 1551 994 Ragusan.
1585 942 1707 983 iuxta
1740 955 1890 995 preces

297 1011 605 1065 archiepiscopi
621 1016 664 1052 et
684 1010 859 1064 capituli
875 1010 1076 1051 ecclesiae
1092 1008 1305 1063 Ragusan.
1325 1016 1367 1052 et
1382 1017 1704 1065 procuratorum
1725 1013 1889 1054 confra-

296 1083 543 1124 ternitatum
565 1082 804 1136 cappellam
826 1081 866 1123 S.
890 1081 1035 1123 Crucis
1056 1081 1242 1123 alienare
1263 1082 1452 1138 aliasque
1484 1084 1632 1125 domus
1653 1084 1706 1125 ad
1725 1085 1890 1126 confra-

296 1155 517 1196 ternitates
538 1154 798 1208 pertinentes
820 1153 999 1195 deiicere
1019 1153 1157 1195 valeat
1177 1155 1287 1196 iusto
1308 1156 1445 1208 pretio
1468 1157 1619 1198 soluto.

296 1221 339 1255 R.
359 1231 417 1263 ap.
439 1220 475 1255 S.
495 1220 545 1255 M.
569 1220 617 1254 Μ.
637 1220 689 1256 XI
703 1219 778 1255 kal.
798 1220 888 1255 Maii
907 1223 991 1256 1657
1010 1220 1050 1254 Ρ.
1071 1231 1130 1255 an.
1149 1221 1210 1256 III.

1378 1353 1500 1387 Fund.
1517 1365 1624 1395 prov.
1644 1354 1802 1389 Roman.
1824 1354 1890 1389 IV.

381 1485 453 1531 30.
486 1484 537 1527 A.
561 1482 610 1526 F.
633 1482 682 1525 R.
708 1482 765 1526 M.
792 1490 977 1540 Eapom'
995 1486 1126 1527 'nobis
1149 1498 1311 1540 nuper.
1335 1508 1361 1513 -
1382 1483 1505 1526 Alex.
1531 1482 1628 1536 VII,
1650 1483 1893 1537 petentibus

297 1555 507 1597 Michaele
529 1555 629 1598 Ant.
662 1554 899 1597 Francos..
932 1554 1091 1596 archid.
1126 1555 1344 1608 metropol.
1378 1555 1479 1596 eccl.
1511 1555 1888 1608 Caesaraugustan.

299 1632 341 1669 et
360 1626 547 1680 capitulo
568 1640 619 1668 ac
639 1627 850 1668 canonicis
880 1625 1050 1680 paroch.
1075 1625 1178 1668 eccl.
1202 1626 1285 1668 loci
1315 1625 1365 1668 de
1397 1626 1557 1680 Alagon
1586 1625 1893 1680 Caesaraugus-

299 1704 385 1741 tan.
406 1698 540 1740 dioec.
560 1711 723 1739 necnon
741 1697 889 1751 Praep.
909 1697 1031 1740 Prov.
1049 1712 1165 1752 proxi.
1182 1699 1416 1752 Aragoniae
1437 1702 1478 1740 et
1495 1704 1658 1740 rectore
1678 1698 1772 1740 coll.
1793 1698 1834 1740 S.
1853 1697 1888 1741 I.

299 1769 697 1823 Caesaraugustam,
716 1769 938 1811 confirmat
959 1770 1224 1811 concordiam
1246 1784 1371 1824 super
1387 1770 1595 1812 solutione
1617 1771 1888 1812 decimarum.

298 1836 339 1872 In
355 1847 439 1871 arce
455 1836 671 1879 Gandulphi,
686 1836 868 1871 Albanen.
887 1836 1001 1871 dioec.
1024 1836 1144 1871 XXVI
1164 1841 1251 1880 Apr.
1274 1839 1356 1872 1657
1376 1837 1416 1871 P.
1435 1848 1483 1871 an
1515 1837 1575 1872 111.

1302 1968 1392 2013 Req.
1411 1969 1502 2005 bull.
1529 1968 1590 2003 VI.
1612 1970 1675 2004 147
1692 1969 1726 2003 b·
1746 1986 1758 1993 ·
1777 1970 1840 2004 153
1856 1968 1892 2002 b.

383 2101 452 2145 31.
485 2098 728 2141 Facultates
749 2111 972 2140 concessae
992 2111 1018 2140 a
1034 2098 1075 2140 S.
1095 2097 1144 2139 D.
1166 2097 1219 2140 N.
1240 2098 1481 2140 Alexandro
1498 2098 1580 2141 ΡΡ.
1598 2097 1680 2140 VII
1697 2098 1745 2140 P.
1767 2097 1892 2140 Alex-

300 2171 430 2213 andro
446 2170 612 2213 Rhodes
632 2171 676 2213 S.
691 2170 724 2213 Ι.
742 2171 948 2224 superiori
965 2171 1175 2212 missionis
1190 2170 1271 2212 ΡΡ.
1292 2170 1332 2212 S.
1352 2170 1387 2212 Ι.
1406 2171 1451 2211 in
1465 2170 1612 2211 Persia
1632 2195 1657 2200 —
1679 2169 1726 2210 In
1748 2183 1888 2223 congr.

298 2257 395 2298 gen.
418 2241 459 2287 S.
479 2242 530 2286 R.
549 2246 594 2284 et
614 2241 669 2284 U.
692 2241 855 2296 Inquis.
878 2242 1025 2284 habita
1046 2244 1089 2283 in
1109 2242 1195 2296 pal.
1219 2248 1355 2295 apost.
1379 2241 1491 2296 apud
1512 2241 1553 2283 S.
1579 2241 1634 2282 M.
1662 2241 1720 2282 M.
1745 2240 1812 2283 SS.
1841 2240 1890 2282 D.

301 2314 392 2358 N.
415 2314 620 2356 concessit
640 2313 696 2355 ad
715 2314 983 2367 septennium
1003 2337 1029 2344 -
1049 2313 1096 2355 F.
1122 2313 1244 2354 Card.
1279 2313 1546 2354 Barberinus.
1582 2313 1643 2354 Io.
1676 2311 1889 2366 Lupus...

301 2385 403 2430 Not.

301 2452 343 2488 F.
363 2451 407 2487 V.
425 2451 460 2486 d.
481 2454 524 2486 24
543 2450 632 2486 Maii
651 2454 748 2487 1657.

300 2576 412 2611 Nota.
432 2576 569 2610 Eadem
586 2575 658 2615 die,
676 2585 801 2609 mense
818 2581 848 2609 et
869 2585 978 2615 ann0,
998 2585 1060 2618 per
1077 2574 1173 2608 idem
1191 2575 1512 2617 tempus,.fuerunt
1530 2584 1724 2608 concessae
1742 2573 1890 2608 eaedem

301 2631 495 2665 facultates
514 2630 556 2664 P.
578 2630 728 2664 Nicolao
758 2629 958 2663 Porresson
974 2628 1196 2670 (Poiresson)
1215 2628 1404 2672 Superiori
1434 2629 1614 2663 missionis
1642 2629 1677 2662 ixi
1710 2628 1828 2666 Seria,
1860 2630 1896 2660 et

303 2685 344 2720 P.
364 2683 561 2718 Francisco
579 2683 740 2718 Martino
759 2683 939 2727 superiori
957 2683 1178 2717 residentiae
1197 2683 1422 2726 Cpolitanae.

411 2739 477 2773 Die
501 2740 542 2774 30
567 2739 665 2782 Aug.
693 2741 776 2774 1657
802 2739 951 2772 eaedem
975 2738 1167 2773 facultates
1184 2749 1247 2782 per
1265 2738 1359 2773 idem
1380 2745 1520 2782 tempus
1539 2748 1731 2772 concessae
1749 2738 1898 2771 fuerunt

302 2795 344 2829 P.
365 2792 522 2828 Henrico
539 2792 586 2826 du
606 2792 731 2827 Vivier
755 2792 942 2836 Superiori
969 2792 1179 2827 missionum
1203 2796 1239 2827 et
1262 2793 1544 2827 residentiarum
1570 2791 1759 2827 Americae
1793 2791 1896 2825 ineri-

306 2848 476 2882 dionalis.

410 2902 570 2937 Eaedem
587 2902 780 2937 facultates
793 2902 911 2937 denuo
928 2902 1079 2938 fuerunt
1096 2913 1292 2938 concessae
1308 2904 1366 2938 die
1383 2907 1402 2938 7
1419 2904 1526 2938 Febr.
1547 2906 1630 2939 1664
1647 2901 1841 2946 Superiori
1858 2901 1897 2935 in

308 2957 469 2999 Perside,
491 2957 679 3002 Superiori
697 2958 735 2992 in
760 2957 931 2993 Amerina
944 2958 1219 3002 septentrionali
1243 2963 1277 2993 et
1298 2959 1481 3002 Superiori
1501 2958 1600 2992 miss.
1617 2961 1653 2992 et
1669 2957 1776 2991 resid.
1798 2958 1901 2991 Ame-

304 3012 405 3048 ricae
422 3012 673 3048 meridionalis
695 3013 741 3047 ad
758 3012 1001 3056 septennium.
1021 3031 1063 3037 -
1081 3013 1269 3056 Superiori
1285 3013 1323 3048 in
1339 3013 1496 3050 Graecia
1511 3013 1557 3048 ad
1574 3012 1785 3048 triennium.
