1989 3252
69 261 213 303 clem.
234 258 320 302 xl.
731 280 780 285 —
811 258 890 296 429
923 280 975 285 -
1084 221 1086 223 ’
1516 256 1647 299 1702.

148 347 189 389 7.
223 346 296 387 Ad
317 349 442 387 Petra·
460 347 626 387 sedem.
646 368 671 373 —
695 341 824 384 Clem.
845 342 903 382 XI
921 343 1067 384 Carolo
1089 345 1166 396 epo
1190 341 1498 384 Andrevillensi
1522 340 1644 390 Quei-

67 417 173 457 cheu
190 415 428 468 provinciae
444 416 597 456 vicario
614 415 842 468 apostolico
859 415 1093 455 commissis
1103 413 1457 455 Christifidelibus
1474 412 1646 453 iubilaei

66 489 120 529 ab
139 487 384 528 Innocentio
406 485 487 527 XII
509 487 694 527 concessi
729 485 1014 538 indulgentias
1034 486 1236 538 elargitur
1270 487 1390 526 iuxta
1418 483 1644 525 formulam

67 558 238 600 editam.

68 625 110 659 R.
130 635 188 667 ap.
209 624 244 657 S.
268 623 307 657 P.
328 623 433 657 XXV
453 623 636 657 Maii1701
660 623 699 656 Ρ.
720 634 780 656 an.
800 623 825 657 I.

1277 731 1360 772 Reor.
1383 731 1469 764 buu.
1500 730 1574 764 VII.
1593 732 1647 763 75.

150 866 192 907 8.
217 862 256 904 S.
277 862 404 914 cong.
423 862 548 903 (Jonc.
570 887 594 892 -
617 862 750 915 Super
771 862 1064 902 emolumentis
1084 860 1345 901 funeralibus
1366 872 1472 913 quae
1493 859 1647 901 deben-

67 939 137 974 tur
157 933 350 985 parochis
371 932 497 973 villae
527 932 579 973 de
609 932 755 973 Bilbao
776 933 995 973 occasione
1027 931 1186 972 funeris
1208 931 1314 983 Aug.
1340 931 1390 971 de
1413 929 1649 982 Ybayzabal

66 1004 109 1043 in
130 1003 233 1044 eccl.
259 1002 300 1044 S.
325 1002 359 1044 Ι.
385 1016 480 1043 cum
502 1002 645 1043 habitu
669 1002 760 1044 Soc.
786 1002 954 1055 sepulti.
984 1001 1168 1042 Debetur
1188 1006 1353 1054 quarta.

69 1071 108 1103 18
125 1070 202 1104 Iun.
224 1070 306 1104 1701

68 1189 179 1222 Anal.
201 1189 278 1222 [αν.
302 1189 410 1222 Pom.
430 1194 453 1220 c.
480 1188 574 1222 VIII.
599 1200 629 1230 p.
651 1191 723 1222 267,

152 1321 196 1364 9.
228 1318 277 1359 In
307 1332 447 1371 congr.
482 1333 574 1371 gen.
600 1318 642 1360 S.
676 1318 726 1360 R.
759 1324 801 1360 et
836 1317 889 1360 U.
924 1318 994 1359 I...
1030 1319 1165 1359 relata
1199 1318 1400 1359 instantia
1432 1318 1478 1359 P.
1512 1317 1654 1359 Iacobi

68 1390 222 1433 Villete
243 1390 283 1433 S.
310 1390 344 1431 Ι.
369 1391 598 1444 superioris
635 1392 749 1431 miss.
775 1391 962 1432 eiusdem
985 1389 1072 1432 ord.
1098 1391 1140 1441 in
1165 1389 1362 1430 Armenia
1382 1394 1424 1430 et
1444 1389 1647 1430 Perside..

70 1462 111 1503 S.
136 1461 187 1502 D.
210 1461 263 1502 N.
290 1461 404 1514 Papa
438 1462 706 1502 renovavit...
731 1461 955 1502 facultates
990 1461 1096 1502 alias
1131 1461 1170 1501 ei
1204 1473 1421 1502 concessas
1451 1460 1504 1501 ad
1533 1459 1648 1501 aliud

69 1532 335 1586 septennium
357 1556 382 1562 -
403 1531 484 1573 Ios.
509 1531 702 1573 Bartolus
725 1537 810 1573 not.

72 1598 110 1631 F.
132 1601 152 1631 5
169 1598 226 1631 die
244 1600 286 1631 30
304 1598 413 1632 Mart.
439 1600 530 1632 1702.

1276 1706 1362 1747 Res]-
1383 1705 1472 1737 hall.
1497 1706 1576 1739 VII.
1595 1709 1649 1740 76.

154 1839 220 1881 10.
254 1836 302 1877 In
338 1850 475 1889 congr.
501 1850 594 1889 gen.
621 1836 661 1877 S.
687 1835 735 1876 R.
759 1840 799 1876 et
837 1835 889 1876 U.
915 1835 966 1876 I..
1010 1836 1141 1876 relata
1176 1835 1380 1876 instantia
1410 1834 1455 1876 P.
1480 1834 1651 1876 Ioannis

72 1907 257 1949 Verzeau
278 1907 319 1950 S.
347 1907 380 1948 Ι.
406 1908 634 1961 superioris
656 1907 772 1948 miss.
798 1906 983 1947 eiusdem
1015 1906 1101 1948 ord.
1131 1907 1173 1947 in
1196 1906 1315 1958 Syria
1322 1939 1403 1947 .....
1428 1906 1496 1947 SS.
1520 1905 1570 1947 D.
1596 1905 1649 1947 N.

74 1979 189 2031 Papa
209 1979 474 2019 renovavit...
499 1978 723 2019 facultates
757 1978 863 2019 alias
885 1979 923 2019 ei
957 1991 1174 2019 concessas
1195 1977 1247 2018 ad
1281 1976 1397 2018 aliud
1429 1977 1650 2030 quadrien-

74 2050 189 2090 nium
210 2074 235 2080 -
255 2048 337 2090 Ios.
362 2048 557 2090 Bartolus
578 2053 662 2091 not.

74 2115 113 2149 F.
134 2118 153 2149 5
170 2115 226 2149 die
245 2117 285 2148 30
305 2115 409 2150 Mart.
432 2118 525 2150 1702.

1273 2225 1364 2268 κερ.
1384 2225 1472 2259 buzi.
1504 2225 1578 2259 vn.
1598 2229 1653 2260 76.

158 2346 228 2388 11.
261 2343 309 2384 In
330 2356 470 2395 congr.
493 2356 586 2395 gen.
612 2342 651 2384 S.
677 2342 725 2383 R.
751 2347 793 2384 et
814 2342 868 2384 U.
892 2343 981 2384 Ι....
1006 2343 1140 2384 relata
1170 2344 1422 2385 instantia...
1447 2343 1653 2385 Leonardi

76 2413 280 2456 Lomacae
310 2414 352 2456 S.
385 2414 418 2455 I.
453 2414 677 2467 superioris
717 2415 961 2455 missionum
1002 2413 1134 2455 eiusd.
1179 2413 1220 2455 S.
1254 2415 1296 2454 in
1334 2414 1482 2455 insulis
1525 2413 1654 2456 Maris

76 2485 204 2538 Aegei
223 2485 401 2539 aliisque
423 2485 594 2526 orientis
615 2485 822 2538 partibus,
847 2485 886 2526 S.
908 2485 957 2526 D.
976 2485 1029 2526 N.
1049 2485 1095 2527 P.
1123 2486 1338 2526 renovavit
1359 2485 1581 2527 facultates
1602 2485 1654 2527 ad

76 2556 190 2598 aliud
211 2556 604 2610 quadriennium....
627 2556 707 2598 Ios.
731 2556 851 2602 Bart.
873 2562 959 2599 not.

75 2623 115 2657 F.
140 2626 158 2656 5
175 2622 232 2657 die
253 2626 290 2657 14
310 2622 407 2666 Sept.
432 2625 525 2657 1702.

1273 2734 1362 2778 Rey.
1384 2734 1470 2767 bull.
1499 2734 1578 2767 VII.
1599 2736 1653 2768 77.

162 2856 233 2899 12.
266 2855 316 2896 A.
341 2854 385 2895 F.
420 2854 469 2896 R.
504 2854 560 2896 M.
588 2863 693 2900 Cema
715 2872 780 2900 sa.
807 2872 886 2901 me.
914 2864 1179 2914 Greyorz‘us.
1213 2883 1238 2889 -
1265 2857 1396 2899 Clem.
1431 2857 1490 2899 XI
1519 2863 1655 2900 atten-

79 2925 180 2966 dens
212 2926 265 2966 ad
299 2926 450 2967 Brevia
478 2929 503 2967 8
538 2927 630 2968 Iun.
661 2929 778 2977 1622,
801 2929 854 2969 22
875 2927 974 2970 Dec.
1004 2930 1125 2980 1638,
1148 2930 1201 2971 27
1224 2928 1316 2970 Oct.
1344 2931 1444 2971 1651
1468 2934 1510 2971 et
1531 2931 1652 2975 AleX.

79 2995 158 3036 VII
183 2997 232 3036 18
266 2995 347 3037 Iul.
384 2998 502 3046 1662,
535 2996 709 3038 dubium
746 2998 855 3039 unde
891 2997 1140 3041 difformitas
1180 3000 1284 3040 ritus
1314 3000 1468 3041 exoriri
1498 3006 1655 3054 posset,

79 3065 260 3117 solvens,
277 3065 462 3108 declarat
482 3066 635 3108 festum
659 3067 700 3110 S.
720 3069 791 3109 Fr.
811 3067 916 3110 XaV.
938 3069 1048 3123 quod
1064 3072 1088 3110 3
1106 3069 1206 3112 Dec.
1225 3069 1474 3123 celebratur,
1492 3072 1656 3126 quoties
