1989 3252
0 15 16 90 ᾗ

53 163 184 206 Alex.
208 161 312 205 VII.
715 185 770 190 —
800 162 876 202 381
909 185 962 191 -—
1498 165 1629 208 1664.

138 250 204 292 81.
238 245 469 287 Alexandri
489 245 571 287 VII
592 246 797 287 indultum
821 248 860 287 in
883 249 965 288 viv.
984 249 1098 289 vocis
1116 249 1284 290 oraculo
1306 249 1417 303 quod
1436 250 1569 291 nostri
1589 250 1632 290 in

61 318 172 358 Sinis
188 330 386 358 exercere
402 317 571 357 valeant
583 317 763 358 officium
781 323 823 358 et
840 318 1084 370 dignitatem
1096 319 1330 360 mandarini
1346 325 1386 361 et
1402 321 1633 362 mathema-

58 389 131 429 tici
160 389 277 441 regii,
310 388 409 428 licet
438 389 521 427 sint
556 388 754 440 professi;
787 390 1001 430 occasione
1036 391 1161 430 huius
1194 391 1379 431 muneris
1413 391 1555 432 collati
1590 392 1633 432 in

56 458 257 500 Ioannem
278 458 483 499 Adamum
516 458 670 499 Schall.
705 458 829 500 Teste
859 461 980 512 epist.
1015 460 1183 501 Ioannis
1213 461 1335 502 Pauli
1365 461 1510 503 Olivae
1540 461 1632 503 Vic.

59 528 162 571 Gen.
187 528 229 570 S.
251 528 287 570 I.
311 528 395 570 diei
415 529 628 582 sequentis
648 531 674 570 4
694 530 794 583 Apr.
822 532 927 571 1664

53 598 74 631 3
93 596 179 638 Apr.
201 597 298 630 1664.

1373 641 1524 675 Elench.
1544 643 1634 676 hall.

137 749 208 791 8⁶2.
242 747 290 787 A.
316 745 364 787 F.
391 745 441 787 R.
474 745 532 787 M.
560 754 667 790 Cum
699 750 816 790 sicut
840 756 1109 804 accepimns.
1145 773 1170 778 —
1199 748 1321 790 Alex.
1354 748 1434 789 VII
1465 748 1634 790 Vicario

55 817 156 858 Gen.
183 816 223 858 S.
248 817 283 857 Ι.
308 831 358 858 ac
380 816 598 858 Visitatori
619 831 691 857 seu
723 831 795 870 pro
824 822 1010 870 ternpore
1041 819 1288 860 Provinciali
1310 818 1475 861 Siciliae
1496 820 1629 861 eiusd.

56 887 149 929 Soc.
172 887 419 928 facultatem
446 888 592 928 tribuit
623 888 862 929 dimittendi
897 889 1073 930 Paulum
1098 888 1341 942 Calogerum
1361 891 1500 943 presb.
1525 891 1630 944 prof.

55 956 97 998 d.
111 957 152 999 S.
163 991 172 1009 ,
190 963 232 998 et
249 957 348 998 huic
364 963 412 998 ut
428 957 480 998 ad
497 971 804 1011 quemcumque
820 957 1019 1000 Ordinem
1036 960 1078 1000 in
1095 973 1176 1013 quo
1192 959 1414 1002 benevolos
1430 962 1634 1002 invenerit

55 1032 292 1081 receptores
307 1028 552 1069 transeundi
575 1029 660 1069 sive
682 1029 724 1068 in
745 1029 890 1070 habitu
914 1029 1053 1082 presb.
1077 1044 1184 1072 saec.
1209 1031 1285 1072 sub
1316 1031 1436 1073 obed.
1460 1031 1634 1073 Ordina—

55 1099 108 1139 rii
129 1098 306 1152 degendi
326 1099 569 1140 facultatem
592 1099 798 1141 concedit.

58 1163 100 1198 R.
120 1175 178 1208 ap.
199 1164 235 1198 S.
255 1164 305 1198 M.
326 1164 375 1197 M.
395 1164 495 1200 XVII
514 1166 600 1208 Apr.
626 1168 707 1200 1664
726 1165 764 1199 Ρ.
784 1177 842 1199 an.
862 1166 925 1201 IX.

1222 1246 1306 1287 Rey.
1328 1246 1414 1279 buil.
1444 1246 1499 1280 VI.
1522 1249 1583 1281 178
1600 1247 1634 1280 b.

138 1353 207 1395 83.
242 1351 293 1392 A.
316 1351 364 1393 Ρ.
396 1351 446 1393 R.
471 1350 529 1393 M.
563 1360 749 1408 Reponi
780 1356 909 1397 vobis
944 1369 1102 1408 mcper.
1137 1379 1162 1384 -
1192 1354 1314 1395 Alex.
1348 1354 1444 1406 VII,
1476 1355 1635 1408 petenti

56 1422 209 1462 rectori
230 1422 325 1463 coll.
350 1421 606 1464 Maceraten.
630 1423 670 1464 S.
694 1422 727 1464 I.
752 1424 944 1465 concedit
975 1424 1218 1465 facultatem
1250 1426 1409 1477 utendi,
1434 1439 1507 1479 pro
1537 1439 1635 1467 aere

54 1492 191 1534 alieno
207 1492 273 1533 ad.
294 1493 388 1534 coll.
407 1507 432 1533 a
450 1492 490 1534 d.
514 1495 617 1534 1500
634 1508 691 1534 sc.
711 1500 922 1536 contracto
940 1495 1151 1543 solvendo,
1172 1496 1406 1549 multiplico
1423 1497 1475 1537 ab
1492 1498 1634 1550 equite

59 1563 214 1604 Stortia
233 1563 527 1617 Compagnono
548 1565 590 1604 in
611 1565 794 1606 favorem
817 1566 855 1607 d.
881 1566 974 1607 coll.
1008 1566 1201 1607 haeredis
1231 1569 1438 1619 instituto,
1469 1573 1510 1609 et
1539 1582 1635 1609 con-

57 1633 261 1675 tinuando
283 1634 414 1675 donec
435 1634 487 1675 ad
507 1635 624 1677 redd.
648 1649 731 1676 ann
768 1639 848 1677 500
879 1651 935 1678 sc.
968 1637 1210 1689 adscendat,
1234 1638 1332 1679 licet
1350 1638 1531 1680 nondum
1554 1640 1634 1680 nisi

59 1706 137 1745 160
158 1718 215 1746 sc.
239 1718 338 1746 ann.
362 1705 521 1747 reddat.

60 1769 103 1804 R.
123 1780 178 1813 ap.
199 1770 232 1803 S.
256 1770 303 1803 M.
327 1770 374 1803 M.
396 1771 498 1805 XXX
520 1772 614 1815 Aug.
634 1775 715 1807 1664
734 1772 773 1806 P.
794 1783 840 1806 an
872 1773 918 1806 X.

1309 1851 1396 1892 Repl-
1415 1851 1502 1884 bzcll.
1527 1852 1587 1886 179
1604 1851 1637 1884 b.

141 1958 212 1999 84.
246 1955 474 1996 Alexandri
498 1956 579 1997 VII
602 1957 847 1998 mandatum
870 1957 915 1998 P.
949 1957 1118 1999 Ioannis
1148 1958 1278 1999 Paulo
1308 1959 1455 1999 Olivae
1488 1959 1634 2012 Praep.

60 2024 165 2066 Gen.
199 2031 245 2066 ut
276 2027 318 2066 in
339 2027 675 2068 conclusionibus
711 2033 751 2068 et
787 2029 1242 2081 repraesentationibus
1273 2035 1313 2070 et
1347 2030 1442 2070 aliis
1477 2029 1638 2070 actibus

60 2096 299 2137 huiusmodi
321 2111 345 2138 a
367 2097 626 2139 scholaribus
661 2099 930 2139 studentibus
965 2101 1006 2139 in
1046 2100 1200 2140 scholis
1221 2101 1372 2141 nostris
1393 2101 1638 2154 peragendis

60 2167 241 2219 expendi
262 2174 474 2221 nequeant
494 2169 604 2210 ultra
625 2183 683 2210 sc.
711 2171 801 2220 100,
825 2170 981 2224 absque
1016 2171 1290 2224 permissione
1326 2171 1474 2224 Praep.
1513 2171 1635 2223 Gen.‚

58 2238 246 2279 consulto
268 2238 409 2280 SSmo.

58 2305 98 2338 12
116 2303 194 2338 Oet.
216 2307 312 2339 1664.

1377 2353 1528 2388 Elench.
1549 2352 1636 2388 bull.

142 2458 213 2500 85.
248 2455 300 2497 A.
337 2456 370 2496 F
377 2490 383 2496 .
423 2456 472 2498 R.
511 2457 568 2499 M.
594 2465 779 2514 Eoepom·
804 2464 933 2504 nobis
961 2476 1119 2518 nuper.
1146 2486 1172 2492 -
1201 2462 1321 2503 Alex.
1347 2461 1442 2514 VII,
1477 2462 1636 2515 petenti

62 2525 193 2567 Paulo
215 2526 336 2568 Oliva
355 2527 504 2581 Praep.
528 2527 633 2569 Gen.
656 2529 698 2570 S.
723 2529 757 2570 I.
782 2530 972 2571 concedit
993 2537 1040 2572 ut
1061 2532 1102 2571 in
1123 2532 1308 2573 favorem
1329 2533 1425 2574 coll.
1449 2533 1569 2574 Rom.
1595 2537 1636 2573 et

60 2596 207 2638 domus
241 2598 469 2639 novitiatus
499 2599 538 2640 S.
565 2600 756 2641 Andreae
787 2600 840 2641 ad
874 2606 1036 2642 tantam
1073 2603 1257 2656 inopiam
1291 2604 1555 2645 redactorum
1588 2608 1636 2644 ut

58 2669 167 2709 aeris
188 2669 317 2710 alieni
337 2669 586 2711 dissolvendi
608 2672 743 2723 gratia
764 2686 917 2725 paucos
939 2673 1051 2714 alere
1072 2687 1239 2715 necesse
1268 2676 1337 2727 sit,
1361 2677 1495 2717 20000
1526 2679 1630 2716 scut.

59 2739 111 2780 ad
132 2753 301 2780 censum
318 2741 545 2782 vitalitium
563 2756 688 2794 super
703 2743 822 2784 bonis
840 2757 989 2796 capere
1006 2746 1134 2797 possit
1160 2746 1236 2786 sub
1258 2759 1355 2788 ann.
1383 2747 1635 2788 interusurio

62 2809 166 2850 1800
187 2822 246 2850 sc.
270 2809 334 2850 vel
354 2811 504 2851 maiori
527 2811 591 2851 vel
612 2812 762 2852 minori
783 2826 857 2864 pro
878 2819 1018 2854 aetate
1039 2816 1368 2857 censuariorum.

57 2874 99 2908 In
118 2884 200 2907 arce
218 2875 431 2917 Gandulphi
449 2875 615 2910 Albanen
635 2877 749 2911 dioec.
770 2877 911 2913 XXVII
929 2879 1006 2914 Oet.
1027 2882 1109 2913 1664
1128 2880 1170 2915 Ρ.
1187 2891 1244 2915 an.
1266 2882 1312 2915 X.

1218 2989 1306 3032 Κεφ
1326 2990 1414 3025 buu.
1441 2991 1500 3026 Vt.
1521 2994 1583 3027 180
1600 2991 1635 3025 b.
