1989 3252
38 207 201 251 Innoc.
224 207 337 250 XII.
714 229 765 234 ---
795 205 875 244 419
914 229 957 234 —
1340 238 1345 243 .
1487 210 1600 252 1695

39 296 180 333 menta
215 298 256 334 et
295 296 488 345 sumptus
523 292 625 333 litis.
650 315 675 321 —
709 292 734 331 8
769 295 875 343 sept.
905 292 1206 344 :acquiescere
1241 293 1393 334 debere
1424 319 1449 324 -
1489 296 1616 336 loct.

37 368 285 416 perpetuum
306 363 523 404 silentium
544 362 787 415 imponitur.

36 432 78 463 28
95 429 183 464 Maii
206 432 302 465 1695.

1356 534 1505 574 Elench.
1525 541 1615 575 buil.

120 670 191 714 24.
225 669 374 721 Congr.
399 681 482 710 sac.
508 667 592 709 Rit.
617 693 642 698 —
667 668 888 709 Decretum
911 682 984 722 pro
1016 669 1221 710 facultate
1253 671 1457 711 recitandi
1479 669 1548 712 off.
1574 670 1614 713 S.

36 740 186 782 Franc.
211 739 384 792 Borgiae
405 739 483 780 sub
503 739 586 779 ritu
609 738 723 792 dupl.
749 741 774 779 2
796 739 848 781 cl.
873 741 915 780 in
936 739 1132 781 dominiis
1154 739 1412 782 Lusitaniae.

35 808 55 839 9
72 806 139 840 Iul·
162 808 257 841 1695.

1360 916 1510 950 Ele‘nch.
1531 916 1619 950 bun.

117 1042 187 1085 25.
222 1038 370 1093 Congr.
390 1053 474 1081 sac.
493 1039 578 1082 Rit.
598 1064 623 1070 -
647 1040 868 1081 Decretum
886 1040 1123 1093 approbans
1139 1041 1388 1083 electionem
1406 1041 1446 1083 S.
1466 1042 1614 1084 Franc.

35 1110 211 1164 Borgiae
234 1112 276 1152 in
298 1117 520 1165 patronum
544 1111 657 1152 urbis
679 1111 997 1165 Neapolitanae.

35 1180 56 1212 9
72 1176 140 1212 Iul.
161 1179 258 1213 1695.

1350 1291 1501 1324 Elem-h.
1526 1291 1614 1326 null.

117 1412 188 1455 26.
223 1410 271 1451 A.
293 1409 338 1451 P.
358 1408 408 1451 R.
428 1408 486 1451 M.
513 1414 642 1453 Alias
662 1413 737 1465 fel.
763 1426 850 1453 rec.
877 1417 1145 1467 Greyom'zcs.
1167 1436 1192 1441 -
1209 1410 1303 1452 Inn.
1327 1410 1425 1462 XII,
1450 1415 1617 1464 petente

35 1493 199 1534 procur.
223 1494 317 1533 gen.
343 1480 385 1522 S.
409 1479 429 1520 I
454 1513 463 1532 ‚
487 1480 791 1533 indulgentiam
827 1480 938 1533 plen.
965 1480 1031 1521 die
1062 1481 1166 1522 festo
1189 1481 1229 1522 S.
1254 1482 1407 1534 Ignatii
1443 1496 1468 1522 a
1490 1482 1614 1535 Greg.

34 1549 111 1591 XV
132 1565 389 1602 concessam,
412 1565 485 1604 pro
507 1550 857 1592 Christifidelibus
880 1552 1044 1592 insulae
1078 1552 1326 1593 Martiuicae
1357 1554 1399 1593 in
1422 1553 1615 1594 America

34 1622 182 1664 merid.
206 1622 344 1676 quoad
366 1623 567 1663 ecclesias
586 1622 627 1664 S.
652 1623 684 1664 I.
711 1623 909 1664 transfert
929 1623 981 1663 ad
1003 1623 1161 1664 domin.
1186 1625 1294 1664 infra
1314 1630 1520 1665 octavam.

32 1688 76 1723 R.
97 1699 155 1731 ap.
176 1688 212 1723 S.
233 1689 282 1723 M.
301 1689 350 1723 M.
370 1689 478 1723 XXX
499 1689 561 1721 lul.
584 1689 624 1722 P.
643 1699 700 1723 an.
724 1689 765 1722 V.

32 1797 133 1832 Buzl.
152 1798 196 1831 de
211 1810 268 1840 pr.
289 1798 363 1842 fide
381 1798 432 1831 Il.
458 1800 529 1833 153.
554 1799 732 1839 Hwnaes,
753 1799 804 1832 II.
826 1802 901 1834 592.
930 1801 1030 1834 Ball.
1051 1801 1156 1835 Rom.
1179 1819 1218 1824 —
1239 1801 1323 1842 Req.
1344 1801 1435 1834 bula.
1465 1801 1540 1836 VII.
1560 1805 1614 1836 38.

117 1920 190 1964 27.
221 1918 316 1960 Inn.
339 1917 420 1959 XII
442 1918 674 1972 decretum,
699 1934 778 1961 non
801 1920 1098 1973 comprehendi
1121 1921 1287 1962 decreto
1312 1923 1361 1962 14
1384 1921 1482 1964 Dec,
1510 1923 1614 1963 1692

34 1989 206 2032 clericos
227 1989 268 2031 S.
293 1989 327 2031 I.
352 1989 424 2031 sed
460 1992 501 2031 in
537 1991 597 2032 eis
618 1990 671 2031 ad
702 1991 869 2032 ordines
904 1991 1207 2044 promovendos
1242 1992 1489 2033 servandam
1520 2007 1612 2034 esse

33 2066 166 2102 const.
189 2059 314 2113 Greg.
338 2060 441 2101 XIII
463 2078 470 2103 :
500 2069 631 2106 Ρῑιωη
654 2068 692 2106 el
716 2066 839 2115 ιιίὶίθ,
863 2064 916 2103 22
937 2069 1043 2116 sept.
1073 2064 1177 2104 1582
1198 2061 1301 2116 (Cfr.
1327 2078 1368 2104 n.
1392 2065 1508 2116 238).

35 2129 75 2162 17
91 2128 185 2170 Aug.
207 2130 303 2162 1695.

1348 2239 1499 2274 Elench.
1519 2241 1610 2274 hall.

115 2356 187 2400 28.
220 2355 270 2397 In
290 2370 430 2409 congr.
451 2369 545 2409 gen.
569 2356 608 2398 S.
633 2356 682 2398 R.
707 2362 747 2398 et
768 2357 821 2399 U.
846 2357 881 2399 I.
905 2358 1050 2399 habita
1080 2359 1121 2399 in
1144 2358 1299 2411 palatio
1334 2360 1488 2399 montis
1509 2359 1612 2408 Qui-⁷

31 2426 179 2467 riualis
212 2441 352 2468 coram
386 2426 426 2469 S.
451 2427 502 2468 D.
527 2427 577 2469 N.
604 2427 654 2468 D.
677 2427 819 2469 Innoc.
853 2427 934 2468 div‘.
960 2427 1081 2469 Prov.
1107 2427 1220 2481 Papa
1253 2428 1335 2470 XII
1341 2463 1423 2471 .....
1462 2430 1610 2471 Relata

31 2497 235 2539 instantia
255 2498 300 2540 P.
324 2498 530 2540 Leonardi
552 2499 757 2540 Lomacae
779 2498 820 2540 S.
845 2497 878 2539 I.
903 2504 946 2539 et
979 2500 1204 2551 superioris
1231 2501 1477 2542 missionum
1497 2502 1607 2543 eius-

32 2567 126 2609 dem
160 2568 201 2611 S.
225 2569 373 2610 insulis
406 2568 535 2611 Maris
571 2571 698 2623 Aegei
732 2570 910 2623 aliisque
945 2570 1116 2611 orientis
1151 2571 1357 2625 partibus,
1394 2571 1436 2614 S.
1463 2572 1511 2614 D.
1550 2573 1603 2615 N.

30 2641 247 2681 renovavit
265 2640 487 2681 facultates
508 2642 613 2682 alias
633 2642 672 2682 ei
694 2654 913 2682 concessas
934 2641 986 2681 ad
1008 2641 1124 2682 aliud
1143 2642 1484 2695 quadriennium.

29 2704 68 2738 F.
89 2708 108 2740 5
125 2706 182 2740 die
202 2708 241 2741 15
259 2706 357 2749 sept.
378 2709 473 2741 1695.

1230 2818 1318 2861 Rey.
1339 2819 1428 2852 buil.
1454 2818 1531 2854 VII.
1552 2823 1607 2855 40.

111 2935 182 2980 29.
213 2934 364 2988 Congr.
388 2933 439 2976 de
468 2947 586 2987 prop.
610 2934 706 2976 fide.
730 2959 756 2965 —
778 2934 1002 2976 Decretum
1036 2948 1159 2989 super
1193 2935 1316 2977 rebus
1350 2936 1597 2980 Indiarum:

28 3008 191 3060 attenta
210 3005 544 3059 impossibilitate
562 3007 851 3058 episcoporum
870 3005 1094 3048 Pechinen.
1114 3011 1156 3047 et
1171 3005 1434 3050 Nanchinen.
1452 3008 1602 3061 guber-

1502 3088 1543 3120 27
