1989 3252
257 226 400 268 Clmn.
421 224 482 267 X.
937 248 991 253 —
1022 224 1103 263 392
1132 245 1183 249 —
1724 222 1848 265 1671.

341 313 408 356 21.
447 317 555 354 Cum
578 325 661 353 7208
682 325 848 366 nuper.
873 336 898 342 —
919 309 1146 352 Clementis
1168 309 1207 350 X
1241 309 1400 363 indulg.
1423 323 1497 363 pro
1531 322 1616 350 una
1648 308 1739 349 vice
1759 312 1851 348 tan-

259 386 349 422 tum
371 382 413 422 in
435 381 539 422 festo
562 380 604 422 S.
628 380 777 423 Franc.
801 381 954 435 Borgia
975 386 1017 424 et
1037 396 1111 435 per
1132 387 1336 423 octavam.

258 451 299 482 24
317 448 404 490 Apr.
426 449 521 482 1671.

1599 537 1745 572 Elench.
1765 538 1853 572 bule.

343 652 414 695 22.
450 650 499 690 A.
529 649 571 690 P.
596 649 646 689 R.
674 649 729 689 M.
761 652 1077 705 Redempcom‘s
1097 654 1137 692 et
1160 655 1341 691 Domine·
1361 654 1413 690 N.
1439 671 1464 677 -
1493 646 1624 687 Clem.
1659 644 1697 685 X
1717 644 1854 686 indul-

261 722 446 774 gentiam
467 721 631 774 plenar.
657 720 724 761 die
754 722 778 761 3
811 720 903 761 Oct.
936 720 1043 761 festo
1074 719 1114 761 S.
1148 720 1181 760 F
1183 720 1363 761 rancisci
1393 718 1585 771 Borgiae,
1618 718 1853 772 Praepositi

265 793 370 834 Gen.
395 792 437 834 S.
461 792 495 834 Ι.
521 791 715 833 concedit
735 793 778 832 in
801 791 991 833 ecclesiis
1014 791 1056 832 d.
1078 791 1119 833 S.

264 859 305 892 R.
326 870 384 901 ap.
400 859 435 894 S.
457 859 506 891 M.
529 859 578 892 M.
598 858 731 893 1111111.
755 861 838 892 1671
858 859 898 892 P.
919 869 978 891 an.
997 858 1040 893 H.

264 969 366 1003 Ball.
388 968 492 1003 Rom.
513 987 556 992 —
574 969 632 1001 Ex
649 974 723 1012 typ.
744 979 837 1002 cam.
859 980 918 1011 ap,
945 968 1118 1009 (Bullae).
1594 966 1748 1000 Elewch.
1768 966 1856 999 bun.

348 1080 420 1123 23.
454 1077 503 1117 A.
537 1076 584 1116 F.
620 1076 669 1117 R.
710 1076 767 1116 M.
803 1079 1139 1132 EJcp0712'nobc's
1160 1091 1321 1131 nuper.
1357 1100 1383 1105 -
1417 1074 1550 1115 Glem.
1593 1072 1647 1124 X,
1688 1076 1859 1126 petente

266 1148 423 1190 Ioanne
446 1147 575 1189 Paulo
597 1147 718 1188 Oliva
738 1147 887 1200 Praep.
923 1147 1025 1188 Gen.
1060 1145 1102 1188 S.
1136 1146 1190 1197 L,
1216 1148 1258 1187 in
1288 1146 1474 1187 favorem
1507 1144 1673 1203 collegii
1702 1144 1745 1184 in
1775 1144 1855 1184 civ,

268 1220 427 1261 Fauen.
464 1218 695 1261 secundum
737 1218 852 1260 Petri
889 1218 1097 1260 Petruccii
1133 1217 1290 1259 Fauen.
1330 1222 1630 1258 testamentum
1660 1217 1712 1257 20
1751 1214 1857 1256 Nov.

272 1294 394 1343 1659,
417 1291 529 1331 intra
549 1291 777 1331 terminum
802 1292 851 1340 15
874 1303 971 1331 ann.
992 1295 1033 1331 et
1049 1303 1133 1331 sec.
1155 1289 1398 1331 codicillum
1423 1290 1474 1329 14
1494 1287 1602 1329 Nov.
1629 1288 1730 1327 1661
1751 1288 1862 1327 intra

269 1362 518 1404 decennium
553 1361 773 1414 fundandi,
812 1375 933 1403 secus
968 1375 993 1402 a
1028 1361 1130 1402 cler.
1168 1360 1386 1414 pauperib.
1412 1358 1560 1412 Congr.
1594 1358 1744 1399 Matris
1783 1357 1861 1399 Dei

270 1434 509 1476 scholarum
531 1434 713 1486 piarum,
737 1437 779 1474 et
812 1437 907 1486 post
942 1433 1187 1484 triennium,
1214 1445 1338 1472 onere
1375 1445 1456 1472 non
1486 1430 1675 1484 impleto,
1699 1442 1724 1470 a
1753 1427 1858 1470 Con-

270 1519 381 1559 greg.
407 1506 507 1548 cler.
540 1519 649 1547 saec.
689 1504 873 1546 Oratorii
909 1504 949 1546 S.
985 1505 1173 1557 Philippi
1203 1502 1406 1556 erigendi,
1444 1501 1635 1543 concedit
1669 1513 1861 1555 proroga-

274 1578 446 1618 tionem.

270 1644 315 1678 R.
335 1654 394 1685 ap.
414 1643 449 1678 S.
472 1644 521 1677 M.
541 1643 590 1677 M.
613 1643 717 1678 XVII
733 1643 802 1678 Iul.
823 1645 906 1678 1671
928 1643 965 1676 P.
986 1653 1044 1675 an.
1064 1641 1108 1676 Π.

924 1750 1012 1792 Rey.
1033 1750 1119 1783 bule
1149 1751 1208 1783 VI.
1229 1752 1303 1785 209.
1327 1750 1359 1782 b.
1379 1767 1422 1773 -
1440 1749 1565 1782 Fumi.
1583 1759 1642 1792 pr.
1662 1748 1768 1781 Rom.
1788 1752 1811 1778 t.
1834 1749 1863 1780 1.

358 1864 431 1907 24.
467 1860 506 1902 S.
530 1860 617 1902 Rit.
642 1859 771 1912 Cong.
795 1884 821 1889 —
842 1858 1068 1900 Decretum
1090 1871 1165 1911 pro
1185 1855 1437 1898 celebrando
1458 1856 1566 1898 festo
1594 1869 1690 1897 cum
1720 1858 1868 1896 octava

277 1933 317 1975 S.
344 1932 556 1974 Francisci
577 1930 753 1984 Borgiae
776 1930 845 1971 die
866 1931 890 1971 3
913 1929 1004 1971 Oct.
1028 1929 1106 1970 sub
1128 1930 1211 1970 ritu
1233 1927 1445 1970 secundae
1466 1927 1612 1969 classis
1632 1927 1676 1967 in
1696 1926 1736 1968 S.
1761 1925 1795 1967 I.

279 2002 318 2036 18
336 2000 404 2035 1111.
426 2001 522 2034 1671.

1610 2085 1762 2120 Elench.
1783 2084 1872 2119 bule.

363 2204 435 2247 25.
472 2202 740 2244 Coelestz'hzcs
760 2205 799 2242 et
820 2202 1096 2255 apostolicae.
1130 2223 1156 2228 -
1192 2197 1421 2239 Clementis
1455 2194 1493 2235 X
1527 2195 1652 2236 breve
1687 2183 1760 2247 pro
1795 2196 1873 2246 ep&

282 2274 469 2315 Beriten.
497 2273 587 2314 Vic.
611 2276 744 2324 apost.
772 2269 1068 2322 Cocincinnae,
1086 2283 1167 2323 quo
1185 2269 1422 2310 declaratur
1444 2267 1548 2308 duas
1569 2267 1873 2320 propositiones

283 2344 330 2386 P.
368 2344 466 2385 Ant.
500 2341 903 2392 Quintanaduennas
938 2341 977 2383 S.
1017 2340 1051 2382 I.
1090 2340 1142 2381 ab
1175 2353 1222 2381 eo
1244 2340 1354 2380 iuste
1374 2339 1503 2379 fuisse
1524 2341 1707 2388 notatas,
1732 2335 1876 2376 invali-

285 2415 465 2469 damque
486 2428 578 2455 esse
599 2413 855 2455 sententiam
877 2425 952 2465 per
981 2410 1050 2452 Fr.
1084 2410 1343 2452 Ludovicum
1374 2409 1604 2462 Fragosum
1634 2407 1875 2449 commissa-

285 2488 394 2528 rium
417 2486 459 2529 S.
484 2484 565 2527 Off.
591 2491 738 2527 contra
762 2485 898 2538 ipsum
920 2482 1064 2524 latam.

287 2555 327 2587 11
347 2552 445 2595 Sept.
469 2554 564 2587 1671.

1618 2637 1771 2673 Elench.
1793 2637 1882 2671 hutz,

375 2756 445 2797 26.
482 2754 533 2793 A.
566 2753 613 2794 P.
647 2752 696 2792 R.
730 2751 789 2792 M.
816 2756 946 2795 Alias
964 2754 1331 2808 pil-senz'oec‘sqzce.
1369 2774 1394 2779 -
1429 2747 1560 2790 Clem.
1596 2746 1634 2787 X
1670 2746 1795 2788 breve
1832 2747 1880 2786 16

293 2826 400 2878 Aug.
424 2826 527 2865 1670
545 2824 636 2870 (cfr.
662 2838 704 2865 n.
724 2826 766 2873 9)
784 2823 837 2864 ad
858 2823 1056 2864 ecclesias
1078 2834 1349 2875 quascunque
1367 2819 1565 2862 Poloniae
1585 2824 1628 2859 et
1642 2818 1881 2869 Lituaniae,

294 2898 335 2937 in
358 2896 452 2937 aliis
474 2909 570 2936 vero
591 2895 695 2936 locis
717 2894 770 2935 ad
790 2895 899 2935 solas
920 2894 1021 2935 eccl.
1047 2893 1087 2935 S.
1113 2893 1146 2934 I.
1171 2891 1342 2933 extendi
1363 2891 1565 2932 declarat.

292 2962 336 2997 R.
357 2973 413 3005 ap.
434 2964 469 2995 S.
492 2962 540 2995 M.
560 2963 610 2996 M.
630 2961 739 2996 XXX
757 2960 856 3003 Sept.
879 2963 960 2995 1671
983 2959 1021 2993 P.
1042 2970 1099 2993 an.
1119 2960 1163 2994 II.

295 3056 396 3090 Ball.
416 3056 523 3089 Rom.
1625 3046 1776 3083 Elench.
1796 3047 1889 3080 bull-
