<?xml version="1.0" encoding="UTF-8"?>
<!DOCTYPE html PUBLIC "-//W3C//DTD XHTML 1.0 Transitional//EN"
    "http://www.w3.org/TR/xhtml1/DTD/xhtml1-transitional.dtd">
<html xmlns="http://www.w3.org/1999/xhtml" xml:lang="en" lang="en">
 <head>
  <title>
</title>
<meta http-equiv="Content-Type" content="text/html;charset=utf-8" />
  <meta name='ocr-system' content='tesseract 3.04.00' />
  <meta name='ocr-capabilities' content='ocr_page ocr_carea ocr_par ocr_line ocrx_word'/>
</head>
<body>
  <div class='ocr_page' id='page_1' title='image "./synopsisactorums02delp_0105.png"; bbox 0 0 1989 3252; ppageno 0'>
   <div class='ocr_carea' id='block_1_1' title="bbox 41 194 1622 244">
    <p class='ocr_par' dir='ltr' id='par_1_1' title="bbox 41 194 1622 244">
     <span class='ocr_line' id='line_1_1' title="bbox 41 194 1622 244; baseline -0.006 0"><span class='ocrx_word' id='word_1_1' title='bbox 41 200 216 244; x_wconf 84' lang='lat' dir='ltr'>Urban.</span> <span class='ocrx_word' id='word_1_2' title='bbox 241 197 370 242; x_wconf 88' lang='lat' dir='ltr'><strong>VIII.</strong></span> <span class='ocrx_word' id='word_1_3' title='bbox 712 217 764 224; x_wconf 90' lang='lat'><strong>—</strong></span> <span class='ocrx_word' id='word_1_4' title='bbox 795 195 873 235; x_wconf 88' lang='lat'>319</span> <span class='ocrx_word' id='word_1_5' title='bbox 904 218 956 224; x_wconf 90' lang='lat'>—</span> <span class='ocrx_word' id='word_1_6' title='bbox 1493 194 1622 238; x_wconf 73' lang='lat'><strong>1626.</strong></span> 
     </span>
    </p>
   </div>
   <div class='ocr_carea' id='block_1_2' title="bbox 41 279 1626 619">
    <p class='ocr_par' dir='ltr' id='par_1_2' title="bbox 41 279 1626 619">
     <span class='ocr_line' id='line_1_2' title="bbox 123 279 1625 336; baseline -0.003 -11"><span class='ocrx_word' id='word_1_7' title='bbox 123 287 194 330; x_wconf 81' lang='lat'>55.</span> <span class='ocrx_word' id='word_1_8' title='bbox 228 284 278 325; x_wconf 90' lang='lat' dir='ltr'>A.</span> <span class='ocrx_word' id='word_1_9' title='bbox 302 283 349 326; x_wconf 89' lang='lat' dir='ltr'>F.</span> <span class='ocrx_word' id='word_1_10' title='bbox 374 283 424 326; x_wconf 87' lang='lat' dir='ltr'>R.</span> <span class='ocrx_word' id='word_1_11' title='bbox 448 282 506 324; x_wconf 91' lang='lat' dir='ltr'>M.</span> <span class='ocrx_word' id='word_1_12' title='bbox 532 285 788 325; x_wconf 65' lang='lat' dir='ltr'>Pastor-alis</span> <span class='ocrx_word' id='word_1_13' title='bbox 808 284 958 336; x_wconf 66' lang='lat' dir='ltr'>officii.</span> <span class='ocrx_word' id='word_1_14' title='bbox 983 306 1008 312; x_wconf 92' lang='lat'><em>-</em></span> <span class='ocrx_word' id='word_1_15' title='bbox 1037 280 1199 323; x_wconf 88' lang='lat' dir='ltr'>Urban.</span> <span class='ocrx_word' id='word_1_16' title='bbox 1231 279 1335 321; x_wconf 88' lang='lat' dir='ltr'><strong>VIII</strong></span> <span class='ocrx_word' id='word_1_17' title='bbox 1367 279 1625 321; x_wconf 87' lang='lat' dir='ltr'>Christifide-</span> 
     </span>
     <span class='ocr_line' id='line_1_3' title="bbox 41 349 1626 407; baseline -0.003 -11"><span class='ocrx_word' id='word_1_18' title='bbox 41 356 152 396; x_wconf 90' lang='lat' dir='ltr'>libus</span> <span class='ocrx_word' id='word_1_19' title='bbox 173 356 216 395; x_wconf 91' lang='lat' dir='ltr'>in</span> <span class='ocrx_word' id='word_1_20' title='bbox 236 354 427 407; x_wconf 89' lang='lat' dir='ltr'>partibus</span> <span class='ocrx_word' id='word_1_21' title='bbox 454 353 600 394; x_wconf 82' lang='lat' dir='ltr'><strong>Indiae</strong></span> <span class='ocrx_word' id='word_1_22' title='bbox 630 352 789 393; x_wconf 89' lang='lat' dir='ltr'>Orient.</span> <span class='ocrx_word' id='word_1_23' title='bbox 823 352 1193 405; x_wconf 76' lang='lat' dir='ltr'>commorantibus,</span> <span class='ocrx_word' id='word_1_24' title='bbox 1226 364 1354 405; x_wconf 86' lang='lat' dir='ltr'>quum</span> <span class='ocrx_word' id='word_1_25' title='bbox 1385 350 1436 391; x_wconf 90' lang='lat' dir='ltr'>ad</span> <span class='ocrx_word' id='word_1_26' title='bbox 1467 349 1626 392; x_wconf 91' lang='lat' dir='ltr'>Urbem</span> 
     </span>
     <span class='ocr_line' id='line_1_4' title="bbox 43 420 1616 478; baseline -0.002 -12"><span class='ocrx_word' id='word_1_27' title='bbox 43 425 217 467; x_wconf 90' lang='lat' dir='ltr'>iubilaei</span> <span class='ocrx_word' id='word_1_28' title='bbox 237 430 424 478; x_wconf 85' lang='lat' dir='ltr'>tempore</span> <span class='ocrx_word' id='word_1_29' title='bbox 444 423 641 465; x_wconf 79' lang='lat' dir='ltr'>accedere</span> <span class='ocrx_word' id='word_1_30' title='bbox 662 423 835 463; x_wconf 90' lang='lat' dir='ltr'>minime</span> <span class='ocrx_word' id='word_1_31' title='bbox 856 424 1083 475; x_wconf 86' lang='lat' dir='ltr'>potuerint,</span> <span class='ocrx_word' id='word_1_32' title='bbox 1115 422 1336 463; x_wconf 86' lang='lat' dir='ltr'>ecclesiam</span> <span class='ocrx_word' id='word_1_33' title='bbox 1367 435 1442 474; x_wconf 86' lang='lat' dir='ltr'>per</span> <span class='ocrx_word' id='word_1_34' title='bbox 1472 420 1616 463; x_wconf 86' lang='lat' dir='ltr'>Ordin.</span> 
     </span>
     <span class='ocr_line' id='line_1_5' title="bbox 44 492 1617 549; baseline -0.002 -13"><span class='ocrx_word' id='word_1_35' title='bbox 44 495 341 549; x_wconf 81' lang='lat' dir='ltr'>designandam</span> <span class='ocrx_word' id='word_1_36' title='bbox 371 509 443 548; x_wconf 91' lang='lat' dir='ltr'>per</span> <span class='ocrx_word' id='word_1_37' title='bbox 474 497 523 536; x_wconf 87' lang='lat'>15</span> <span class='ocrx_word' id='word_1_38' title='bbox 554 494 642 535; x_wconf 89' lang='lat' dir='ltr'>dies</span> <span class='ocrx_word' id='word_1_39' title='bbox 671 493 939 534; x_wconf 78' lang='lat' dir='ltr'>visitantibus</span> <span class='ocrx_word' id='word_1_40' title='bbox 970 498 1011 534; x_wconf 90' lang='lat' dir='ltr'>et</span> <span class='ocrx_word' id='word_1_41' title='bbox 1040 496 1063 534; x_wconf 85' lang='lat'>5</span> <span class='ocrx_word' id='word_1_42' title='bbox 1101 507 1160 535; x_wconf 90' lang='lat' dir='ltr'>or.</span> <span class='ocrx_word' id='word_1_43' title='bbox 1194 493 1306 534; x_wconf 87' lang='lat' dir='ltr'>dom.</span> <span class='ocrx_word' id='word_1_44' title='bbox 1340 497 1381 533; x_wconf 86' lang='lat' dir='ltr'>et</span> <span class='ocrx_word' id='word_1_45' title='bbox 1416 492 1492 532; x_wconf 90' lang='lat' dir='ltr'>sal.</span> <span class='ocrx_word' id='word_1_46' title='bbox 1523 505 1617 545; x_wconf 80' lang='lat' dir='ltr'>ang.</span> 
     </span>
     <span class='ocr_line' id='line_1_6' title="bbox 43 562 1622 619; baseline -0.003 -11"><span class='ocrx_word' id='word_1_47' title='bbox 43 565 317 608; x_wconf 78' lang='lat' dir='ltr'>recitantibus</span> <span class='ocrx_word' id='word_1_48' title='bbox 356 566 587 619; x_wconf 81' lang='lat' dir='ltr'>plenariam</span> <span class='ocrx_word' id='word_1_49' title='bbox 626 564 814 605; x_wconf 90' lang='lat' dir='ltr'>eiusdem</span> <span class='ocrx_word' id='word_1_50' title='bbox 856 565 955 604; x_wconf 81' lang='lat' dir='ltr'>anni</span> <span class='ocrx_word' id='word_1_51' title='bbox 976 563 1150 604; x_wconf 89' lang='lat' dir='ltr'>iubilaei</span> <span class='ocrx_word' id='word_1_52' title='bbox 1181 563 1338 616; x_wconf 81' lang='lat' dir='ltr'>indulg.</span> <span class='ocrx_word' id='word_1_53' title='bbox 1377 562 1622 604; x_wconf 85' lang='lat' dir='ltr'>facultatem</span> 
     </span>
    </p>
   </div>
   <div class='ocr_carea' id='block_1_3' title="bbox 42 634 1261 691">
    <p class='ocr_par' dir='ltr' id='par_1_3' title="bbox 42 634 1261 691">
     <span class='ocr_line' id='line_1_7' title="bbox 42 634 1261 691; baseline -0.003 -12"><span class='ocrx_word' id='word_1_54' title='bbox 42 637 222 691; x_wconf 85' lang='lat' dir='ltr'>eligendi</span> <span class='ocrx_word' id='word_1_55' title='bbox 244 636 557 678; x_wconf 89' lang='lat' dir='ltr'>confessarium.</span> <span class='ocrx_word' id='word_1_56' title='bbox 582 640 664 676; x_wconf 88' lang='lat' dir='ltr'>etc.</span> <span class='ocrx_word' id='word_1_57' title='bbox 689 635 880 675; x_wconf 87' lang='lat' dir='ltr'>concedit</span> <span class='ocrx_word' id='word_1_58' title='bbox 902 660 927 664; x_wconf 98' lang='lat'><em>-</em></span> <span class='ocrx_word' id='word_1_59' title='bbox 948 634 1012 675; x_wconf 87' lang='lat' dir='ltr'>Ad</span> <span class='ocrx_word' id='word_1_60' title='bbox 1033 637 1059 675; x_wconf 87' lang='lat'>4</span> <span class='ocrx_word' id='word_1_61' title='bbox 1080 648 1261 676; x_wconf 81' lang='lat' dir='ltr'>menses,</span> 
     </span>
    </p>
   </div>
   <div class='ocr_carea' id='block_1_4' title="bbox 39 700 1624 1017">
    <p class='ocr_par' dir='ltr' id='par_1_4' title="bbox 41 700 865 746">
     <span class='ocr_line' id='line_1_8' title="bbox 41 700 865 746; baseline -0.007 -9"><span class='ocrx_word' id='word_1_62' title='bbox 41 703 87 738; x_wconf 83' lang='lat' dir='ltr'>R.</span> <span class='ocrx_word' id='word_1_63' title='bbox 106 714 163 746; x_wconf 83' lang='lat' dir='ltr'>ap.</span> <span class='ocrx_word' id='word_1_64' title='bbox 183 703 218 736; x_wconf 89' lang='lat' dir='ltr'>S.</span> <span class='ocrx_word' id='word_1_65' title='bbox 239 702 288 735; x_wconf 89' lang='lat' dir='ltr'>M.</span> <span class='ocrx_word' id='word_1_66' title='bbox 308 702 357 736; x_wconf 92' lang='lat' dir='ltr'>M.</span> <span class='ocrx_word' id='word_1_67' title='bbox 381 701 445 736; x_wconf 92' lang='lat' dir='ltr'>VII</span> <span class='ocrx_word' id='word_1_68' title='bbox 463 701 541 735; x_wconf 86' lang='lat' dir='ltr'>Oct.</span> <span class='ocrx_word' id='word_1_69' title='bbox 562 703 647 735; x_wconf 78' lang='lat'>1626</span> <span class='ocrx_word' id='word_1_70' title='bbox 665 700 705 734; x_wconf 81' lang='lat' dir='ltr'>P.</span> <span class='ocrx_word' id='word_1_71' title='bbox 726 711 785 733; x_wconf 87' lang='lat' dir='ltr'>an.</span> <span class='ocrx_word' id='word_1_72' title='bbox 808 701 865 734; x_wconf 84' lang='lat' dir='ltr'><strong>IV.</strong></span> 
     </span>
    </p>

    <p class='ocr_par' dir='ltr' id='par_1_5' title="bbox 39 753 1624 1017">
     <span class='ocr_line' id='line_1_9' title="bbox 39 753 1624 800; baseline -0.003 -8"><span class='ocrx_word' id='word_1_73' title='bbox 39 758 138 792; x_wconf 80' lang='lat' dir='ltr'>Nota</span> <span class='ocrx_word' id='word_1_74' title='bbox 154 757 259 800; x_wconf 82' lang='lat' dir='ltr'>(Reg.</span> <span class='ocrx_word' id='word_1_75' title='bbox 282 757 368 790; x_wconf 85' lang='lat' dir='ltr'>bull.</span> <span class='ocrx_word' id='word_1_76' title='bbox 389 757 432 791; x_wconf 91' lang='lat' dir='ltr'>V.</span> <span class='ocrx_word' id='word_1_77' title='bbox 453 757 542 797; x_wconf 83' lang='grc'><strong>211.)</strong></span> <span class='ocrx_word' id='word_1_78' title='bbox 561 755 634 788; x_wconf 89' lang='lat' dir='ltr'>Sub</span> <span class='ocrx_word' id='word_1_79' title='bbox 653 755 780 788; x_wconf 86' lang='lat' dir='ltr'>eadem</span> <span class='ocrx_word' id='word_1_80' title='bbox 796 756 879 788; x_wconf 73' lang='lat' dir='ltr'>data</span> <span class='ocrx_word' id='word_1_81' title='bbox 900 755 1077 789; x_wconf 82' lang='lat' dir='ltr'>Malacen.</span> <span class='ocrx_word' id='word_1_82' title='bbox 1099 758 1128 789; x_wconf 91' lang='lat' dir='ltr'>l.</span> <span class='ocrx_word' id='word_1_83' title='bbox 1149 755 1262 788; x_wconf 76' lang='lat' dir='ltr'>altare</span> <span class='ocrx_word' id='word_1_84' title='bbox 1288 754 1558 797; x_wconf 77' lang='lat' dir='ltr'>privilegiatum</span> <span class='ocrx_word' id='word_1_85' title='bbox 1579 753 1624 787; x_wconf 86' lang='lat' dir='ltr'>ad</span> 
     </span>
     <span class='ocr_line' id='line_1_10' title="bbox 45 808 1622 853; baseline -0.003 -7"><span class='ocrx_word' id='word_1_86' title='bbox 45 814 86 846; x_wconf 88' lang='lat'>15</span> <span class='ocrx_word' id='word_1_87' title='bbox 102 822 228 846; x_wconf 84' lang='lat' dir='ltr'>annos.</span> <span class='ocrx_word' id='word_1_88' title='bbox 248 814 278 845; x_wconf 78' lang='lat'>2.</span> <span class='ocrx_word' id='word_1_89' title='bbox 300 811 437 853; x_wconf 78' lang='lat' dir='ltr'>indulg.</span> <span class='ocrx_word' id='word_1_90' title='bbox 456 811 552 853; x_wconf 89' lang='lat' dir='ltr'>plen.</span> <span class='ocrx_word' id='word_1_91' title='bbox 572 811 608 843; x_wconf 90' lang='lat' dir='ltr'>in</span> <span class='ocrx_word' id='word_1_92' title='bbox 628 810 715 844; x_wconf 90' lang='lat' dir='ltr'>eccl.</span> <span class='ocrx_word' id='word_1_93' title='bbox 736 810 771 843; x_wconf 88' lang='lat' dir='ltr'>S.</span> <span class='ocrx_word' id='word_1_94' title='bbox 793 810 956 844; x_wconf 86' lang='lat' dir='ltr'>Thomae</span> <span class='ocrx_word' id='word_1_95' title='bbox 988 821 1048 852; x_wconf 84' lang='lat' dir='ltr'>pro</span> <span class='ocrx_word' id='word_1_96' title='bbox 1082 811 1115 842; x_wconf 76' lang='lat' dir='ltr'>d.</span> <span class='ocrx_word' id='word_1_97' title='bbox 1138 810 1240 844; x_wconf 81' lang='lat' dir='ltr'>festo.</span> <span class='ocrx_word' id='word_1_98' title='bbox 1266 813 1296 844; x_wconf 88' lang='grc'>3.</span> <span class='ocrx_word' id='word_1_99' title='bbox 1316 809 1352 842; x_wconf 88' lang='lat' dir='ltr'>in</span> <span class='ocrx_word' id='word_1_100' title='bbox 1379 810 1466 843; x_wconf 86' lang='lat' dir='ltr'>eccl.</span> <span class='ocrx_word' id='word_1_101' title='bbox 1488 808 1524 841; x_wconf 88' lang='lat' dir='ltr'>S.</span> <span class='ocrx_word' id='word_1_102' title='bbox 1545 808 1622 842; x_wconf 86' lang='lat' dir='ltr'>Ste-</span> 
     </span>
     <span class='ocr_line' id='line_1_11' title="bbox 43 862 1623 909; baseline -0.002 -10"><span class='ocrx_word' id='word_1_103' title='bbox 43 865 155 909; x_wconf 82' lang='lat' dir='ltr'>phani</span> <span class='ocrx_word' id='word_1_104' title='bbox 172 865 209 898; x_wconf 88' lang='lat' dir='ltr'>in</span> <span class='ocrx_word' id='word_1_105' title='bbox 229 865 316 899; x_wconf 81' lang='lat' dir='ltr'>festo</span> <span class='ocrx_word' id='word_1_106' title='bbox 342 865 528 907; x_wconf 75' lang='lat' dir='ltr'>Expectat.</span> <span class='ocrx_word' id='word_1_107' title='bbox 557 868 681 906; x_wconf 81' lang='lat' dir='ltr'>partus</span> <span class='ocrx_word' id='word_1_108' title='bbox 699 865 739 897; x_wconf 88' lang='lat' dir='ltr'>B.</span> <span class='ocrx_word' id='word_1_109' title='bbox 762 863 811 897; x_wconf 89' lang='lat' dir='ltr'>M.</span> <span class='ocrx_word' id='word_1_110' title='bbox 841 863 881 898; x_wconf 92' lang='lat' dir='ltr'>V.</span> <span class='ocrx_word' id='word_1_111' title='bbox 902 868 932 898; x_wconf 88' lang='lat'>4.</span> <span class='ocrx_word' id='word_1_112' title='bbox 952 875 1015 907; x_wconf 88' lang='lat' dir='ltr'>pro</span> <span class='ocrx_word' id='word_1_113' title='bbox 1035 864 1123 897; x_wconf 87' lang='lat' dir='ltr'>eccl.</span> <span class='ocrx_word' id='word_1_114' title='bbox 1147 863 1184 896; x_wconf 86' lang='grc' dir='ltr'>Β.</span> <span class='ocrx_word' id='word_1_115' title='bbox 1205 863 1255 897; x_wconf 89' lang='grc' dir='ltr'>Μ.</span> <span class='ocrx_word' id='word_1_116' title='bbox 1276 862 1429 897; x_wconf 82' lang='lat' dir='ltr'>Pietatis</span> <span class='ocrx_word' id='word_1_117' title='bbox 1449 872 1511 905; x_wconf 87' lang='lat' dir='ltr'>pro</span> <span class='ocrx_word' id='word_1_118' title='bbox 1533 862 1623 896; x_wconf 83' lang='lat' dir='ltr'>festo</span> 
     </span>
     <span class='ocr_line' id='line_1_12' title="bbox 44 917 1623 962; baseline -0.002 -8"><span class='ocrx_word' id='word_1_119' title='bbox 44 921 159 955; x_wconf 90' lang='lat' dir='ltr'>invoc.</span> <span class='ocrx_word' id='word_1_120' title='bbox 180 920 339 954; x_wconf 87' lang='lat' dir='ltr'>eiusdem</span> <span class='ocrx_word' id='word_1_121' title='bbox 357 922 387 953; x_wconf 88' lang='lat'>5.</span> <span class='ocrx_word' id='word_1_122' title='bbox 410 931 472 962; x_wconf 84' lang='lat' dir='ltr'>pro</span> <span class='ocrx_word' id='word_1_123' title='bbox 491 919 578 953; x_wconf 85' lang='lat' dir='ltr'>eccl.</span> <span class='ocrx_word' id='word_1_124' title='bbox 600 919 635 952; x_wconf 87' lang='lat' dir='ltr'>S.</span> <span class='ocrx_word' id='word_1_125' title='bbox 656 918 842 952; x_wconf 81' lang='lat' dir='ltr'>Laurentii</span> <span class='ocrx_word' id='word_1_126' title='bbox 865 930 925 961; x_wconf 81' lang='lat' dir='ltr'>pro</span> <span class='ocrx_word' id='word_1_127' title='bbox 940 919 972 952; x_wconf 80' lang='lat' dir='ltr'>d.</span> <span class='ocrx_word' id='word_1_128' title='bbox 993 919 1082 953; x_wconf 73' lang='lat' dir='ltr'>festo</span> <span class='ocrx_word' id='word_1_129' title='bbox 1098 922 1130 953; x_wconf 84' lang='grc'>6.</span> <span class='ocrx_word' id='word_1_130' title='bbox 1147 919 1344 952; x_wconf 84' lang='lat' dir='ltr'>iubilaeum</span> <span class='ocrx_word' id='word_1_131' title='bbox 1360 918 1454 951; x_wconf 85' lang='lat' dir='ltr'>sicut</span> <span class='ocrx_word' id='word_1_132' title='bbox 1469 928 1530 960; x_wconf 85' lang='lat' dir='ltr'>pro</span> <span class='ocrx_word' id='word_1_133' title='bbox 1544 917 1623 952; x_wconf 81' lang='lat' dir='ltr'>Ind.</span> 
     </span>
     <span class='ocr_line' id='line_1_13' title="bbox 46 974 601 1017; baseline -0.004 -8"><span class='ocrx_word' id='word_1_134' title='bbox 46 975 107 1010; x_wconf 87' lang='lat' dir='ltr'>Or.</span> <span class='ocrx_word' id='word_1_135' title='bbox 126 994 167 998; x_wconf 97' lang='lat'><strong>—</strong></span> <span class='ocrx_word' id='word_1_136' title='bbox 185 974 338 1017; x_wconf 84' lang='lat' dir='ltr'>Singula</span> <span class='ocrx_word' id='word_1_137' title='bbox 357 974 400 1007; x_wconf 91' lang='lat' dir='ltr'>ad</span> <span class='ocrx_word' id='word_1_138' title='bbox 416 976 457 1009; x_wconf 84' lang='lat'>15</span> <span class='ocrx_word' id='word_1_139' title='bbox 474 984 601 1008; x_wconf 65' lang='lat' dir='ltr'>annos</span> 
     </span>
    </p>
   </div>
   <div class='ocr_carea' id='block_1_5' title="bbox 1217 1081 1623 1123">
    <p class='ocr_par' dir='ltr' id='par_1_6' title="bbox 1217 1081 1623 1123">
     <span class='ocr_line' id='line_1_14' title="bbox 1217 1081 1623 1123; baseline 0 -8"><span class='ocrx_word' id='word_1_140' title='bbox 1217 1081 1304 1123; x_wconf 72' lang='lat' dir='ltr'><strong>Rey.</strong></span> <span class='ocrx_word' id='word_1_141' title='bbox 1322 1081 1406 1114; x_wconf 79' lang='lat' dir='ltr'>bull.</span> <span class='ocrx_word' id='word_1_142' title='bbox 1436 1082 1472 1115; x_wconf 84' lang='lat' dir='ltr'>V.</span> <span class='ocrx_word' id='word_1_143' title='bbox 1493 1083 1566 1116; x_wconf 77' lang='lat'><strong>206.</strong></span> <span class='ocrx_word' id='word_1_144' title='bbox 1590 1081 1623 1115; x_wconf 94' lang='lat' dir='ltr'>b.</span> 
     </span>
    </p>
   </div>
   <div class='ocr_carea' id='block_1_6' title="bbox 48 1197 1627 1538">
    <p class='ocr_par' dir='ltr' id='par_1_7' title="bbox 48 1197 1627 1538">
     <span class='ocr_line' id='line_1_15' title="bbox 129 1197 1626 1247; baseline -0.007 1"><span class='ocrx_word' id='word_1_145' title='bbox 129 1204 200 1247; x_wconf 82' lang='lat'>56.</span> <span class='ocrx_word' id='word_1_146' title='bbox 235 1201 281 1241; x_wconf 91' lang='lat' dir='ltr'>A.</span> <span class='ocrx_word' id='word_1_147' title='bbox 308 1200 355 1242; x_wconf 88' lang='lat' dir='ltr'>F.</span> <span class='ocrx_word' id='word_1_148' title='bbox 378 1200 427 1242; x_wconf 88' lang='lat' dir='ltr'>R.</span> <span class='ocrx_word' id='word_1_149' title='bbox 454 1199 511 1242; x_wconf 91' lang='lat' dir='ltr'>M.</span> <span class='ocrx_word' id='word_1_150' title='bbox 540 1207 591 1244; x_wconf 73' lang='lat' dir='ltr'>Ut</span> <span class='ocrx_word' id='word_1_151' title='bbox 612 1208 881 1244; x_wconf 68' lang='lat' dir='ltr'>animarum</span> <span class='ocrx_word' id='word_1_152' title='bbox 902 1203 1054 1243; x_wconf 71' lang='lat' dir='ltr'>saluti.</span> <span class='ocrx_word' id='word_1_153' title='bbox 1088 1223 1113 1228; x_wconf 96' lang='lat'><em>-</em></span> <span class='ocrx_word' id='word_1_154' title='bbox 1137 1197 1297 1240; x_wconf 89' lang='lat' dir='ltr'>Urban.</span> <span class='ocrx_word' id='word_1_155' title='bbox 1332 1197 1435 1239; x_wconf 92' lang='lat' dir='ltr'><strong>VIII</strong></span> <span class='ocrx_word' id='word_1_156' title='bbox 1467 1197 1626 1239; x_wconf 90' lang='lat' dir='ltr'>Didaco</span> 
     </span>
     <span class='ocr_line' id='line_1_16' title="bbox 48 1268 1624 1326; baseline -0.003 -12"><span class='ocrx_word' id='word_1_157' title='bbox 48 1273 243 1326; x_wconf 87' lang='lat' dir='ltr'>episcopo</span> <span class='ocrx_word' id='word_1_158' title='bbox 263 1272 295 1312; x_wconf 86' lang='lat' dir='ltr'><strong>F</strong></span> <span class='ocrx_word' id='word_1_159' title='bbox 297 1272 502 1324; x_wconf 84' lang='lat' dir='ltr'>unayensi</span> <span class='ocrx_word' id='word_1_160' title='bbox 522 1272 562 1312; x_wconf 88' lang='lat' dir='ltr'>in</span> <span class='ocrx_word' id='word_1_161' title='bbox 585 1271 759 1325; x_wconf 88' lang='lat' dir='ltr'>Iaponia</span> <span class='ocrx_word' id='word_1_162' title='bbox 779 1276 835 1322; x_wconf 83' lang='lat' dir='ltr'>et,</span> <span class='ocrx_word' id='word_1_163' title='bbox 856 1269 952 1311; x_wconf 86' lang='lat' dir='ltr'>sede</span> <span class='ocrx_word' id='word_1_164' title='bbox 973 1269 1203 1322; x_wconf 89' lang='lat' dir='ltr'>episcopali</span> <span class='ocrx_word' id='word_1_165' title='bbox 1225 1275 1413 1320; x_wconf 86' lang='lat' dir='ltr'>vacant-e,</span> <span class='ocrx_word' id='word_1_166' title='bbox 1437 1268 1624 1310; x_wconf 87' lang='lat' dir='ltr'>eiusdem</span> 
     </span>
     <span class='ocr_line' id='line_1_17' title="bbox 49 1339 1621 1394; baseline -0.003 -9"><span class='ocrx_word' id='word_1_167' title='bbox 49 1343 250 1385; x_wconf 87' lang='lat' dir='ltr'>ecclesiae</span> <span class='ocrx_word' id='word_1_168' title='bbox 271 1343 614 1394; x_wconf 87' lang='lat' dir='ltr'>administratori,</span> <span class='ocrx_word' id='word_1_169' title='bbox 638 1355 687 1383; x_wconf 88' lang='lat' dir='ltr'>ac</span> <span class='ocrx_word' id='word_1_170' title='bbox 717 1342 930 1394; x_wconf 79' lang='lat' dir='ltr'>Superiori</span> <span class='ocrx_word' id='word_1_171' title='bbox 960 1340 1205 1382; x_wconf 88' lang='lat' dir='ltr'>clericorum</span> <span class='ocrx_word' id='word_1_172' title='bbox 1237 1341 1491 1393; x_wconf 79' lang='lat' dir='ltr'>regularium</span> <span class='ocrx_word' id='word_1_173' title='bbox 1523 1340 1563 1381; x_wconf 94' lang='lat' dir='ltr'>S.</span> <span class='ocrx_word' id='word_1_174' title='bbox 1588 1339 1621 1381; x_wconf 91' lang='lat' dir='ltr'>I.</span> 
     </span>
     <span class='ocr_line' id='line_1_18' title="bbox 48 1411 1624 1468; baseline -0.003 -12"><span class='ocrx_word' id='word_1_175' title='bbox 48 1416 92 1456; x_wconf 90' lang='lat' dir='ltr'>in</span> <span class='ocrx_word' id='word_1_176' title='bbox 112 1415 309 1457; x_wconf 87' lang='lat' dir='ltr'>Sinarum</span> <span class='ocrx_word' id='word_1_177' title='bbox 329 1428 468 1468; x_wconf 81' lang='lat' dir='ltr'>regno,</span> <span class='ocrx_word' id='word_1_178' title='bbox 492 1428 586 1455; x_wconf 91' lang='lat' dir='ltr'>cum</span> <span class='ocrx_word' id='word_1_179' title='bbox 607 1415 825 1467; x_wconf 88' lang='lat' dir='ltr'>episcopus</span> <span class='ocrx_word' id='word_1_180' title='bbox 856 1413 1105 1454; x_wconf 88' lang='lat' dir='ltr'>constitutus</span> <span class='ocrx_word' id='word_1_181' title='bbox 1136 1425 1220 1453; x_wconf 89' lang='lat' dir='ltr'>non</span> <span class='ocrx_word' id='word_1_182' title='bbox 1250 1412 1345 1463; x_wconf 85' lang='lat' dir='ltr'>erit,</span> <span class='ocrx_word' id='word_1_183' title='bbox 1378 1411 1624 1452; x_wconf 85' lang='lat' dir='ltr'>facultatem</span> 
     </span>
     <span class='ocr_line' id='line_1_19' title="bbox 49 1483 1627 1538; baseline -0.003 -11"><span class='ocrx_word' id='word_1_184' title='bbox 49 1486 208 1528; x_wconf 86' lang='lat' dir='ltr'>confert</span> <span class='ocrx_word' id='word_1_185' title='bbox 223 1486 276 1527; x_wconf 90' lang='lat' dir='ltr'>ad</span> <span class='ocrx_word' id='word_1_186' title='bbox 292 1485 540 1527; x_wconf 89' lang='lat' dir='ltr'>decennium</span> <span class='ocrx_word' id='word_1_187' title='bbox 555 1484 824 1538; x_wconf 87' lang='lat' dir='ltr'>dispensandi</span> <span class='ocrx_word' id='word_1_188' title='bbox 840 1485 884 1524; x_wconf 91' lang='lat' dir='ltr'>in</span> <span class='ocrx_word' id='word_1_189' title='bbox 900 1483 1038 1524; x_wconf 89' lang='lat' dir='ltr'>cultus</span> <span class='ocrx_word' id='word_1_190' title='bbox 1058 1483 1326 1535; x_wconf 84' lang='lat' dir='ltr'>disparitate,</span> <span class='ocrx_word' id='word_1_191' title='bbox 1343 1483 1470 1536; x_wconf 82' lang='lat' dir='ltr'>gratis</span> <span class='ocrx_word' id='word_1_192' title='bbox 1488 1490 1627 1523; x_wconf 82' lang='lat' dir='ltr'>tamen</span> 
     </span>
    </p>
   </div>
   <div class='ocr_carea' id='block_1_7' title="bbox 50 1557 872 1666">
    <p class='ocr_par' dir='ltr' id='par_1_8' title="bbox 50 1557 872 1666">
     <span class='ocr_line' id='line_1_20' title="bbox 50 1557 774 1599; baseline -0.004 0"><span class='ocrx_word' id='word_1_193' title='bbox 50 1557 127 1599; x_wconf 89' lang='lat' dir='ltr'>sub</span> <span class='ocrx_word' id='word_1_194' title='bbox 147 1570 415 1599; x_wconf 85' lang='lat' dir='ltr'>censurarum</span> <span class='ocrx_word' id='word_1_195' title='bbox 436 1557 774 1598; x_wconf 83' lang='lat' dir='ltr'>comminatione.</span> 
     </span>
     <span class='ocr_line' id='line_1_21' title="bbox 51 1621 872 1666; baseline -0.004 -8"><span class='ocrx_word' id='word_1_196' title='bbox 51 1624 92 1658; x_wconf 81' lang='lat' dir='ltr'>R.</span> <span class='ocrx_word' id='word_1_197' title='bbox 110 1635 168 1666; x_wconf 83' lang='lat' dir='ltr'>ap.</span> <span class='ocrx_word' id='word_1_198' title='bbox 189 1624 224 1657; x_wconf 89' lang='lat' dir='ltr'>S.</span> <span class='ocrx_word' id='word_1_199' title='bbox 245 1623 294 1657; x_wconf 88' lang='lat' dir='ltr'>M.</span> <span class='ocrx_word' id='word_1_200' title='bbox 315 1623 364 1657; x_wconf 90' lang='lat' dir='ltr'><strong>M.</strong></span> <span class='ocrx_word' id='word_1_201' title='bbox 384 1623 447 1657; x_wconf 86' lang='lat' dir='ltr'>Vll</span> <span class='ocrx_word' id='word_1_202' title='bbox 467 1622 548 1657; x_wconf 77' lang='lat' dir='ltr'>Oct.</span> <span class='ocrx_word' id='word_1_203' title='bbox 569 1625 652 1657; x_wconf 78' lang='lat'>1626</span> <span class='ocrx_word' id='word_1_204' title='bbox 671 1622 710 1656; x_wconf 70' lang='lat' dir='ltr'>P.</span> <span class='ocrx_word' id='word_1_205' title='bbox 731 1633 789 1657; x_wconf 85' lang='lat' dir='ltr'>an.</span> <span class='ocrx_word' id='word_1_206' title='bbox 810 1621 872 1656; x_wconf 90' lang='lat' dir='ltr'>IV.</span> 
     </span>
    </p>
   </div>
   <div class='ocr_carea' id='block_1_8' title="bbox 49 1728 1626 1775">
    <p class='ocr_par' dir='ltr' id='par_1_9' title="bbox 49 1728 1626 1775">
     <span class='ocr_line' id='line_1_22' title="bbox 49 1728 1626 1775; baseline -0.001 -10"><span class='ocrx_word' id='word_1_207' title='bbox 49 1732 148 1766; x_wconf 82' lang='lat' dir='ltr'>Bull.</span> <span class='ocrx_word' id='word_1_208' title='bbox 166 1732 212 1766; x_wconf 73' lang='lat' dir='ltr'>de</span> <span class='ocrx_word' id='word_1_209' title='bbox 225 1742 332 1775; x_wconf 79' lang='lat' dir='ltr'>prop.</span> <span class='ocrx_word' id='word_1_210' title='bbox 354 1730 384 1764; x_wconf 89' lang='lat' dir='ltr'>I.</span> <span class='ocrx_word' id='word_1_211' title='bbox 404 1733 457 1766; x_wconf 79' lang='lat'>62.</span> <span class='ocrx_word' id='word_1_212' title='bbox 1220 1729 1305 1772; x_wconf 70' lang='lat' dir='ltr'><strong>Rey.</strong></span> <span class='ocrx_word' id='word_1_213' title='bbox 1325 1728 1414 1763; x_wconf 68' lang='lat' dir='ltr'>bula.</span> <span class='ocrx_word' id='word_1_214' title='bbox 1441 1729 1478 1763; x_wconf 94' lang='lat' dir='ltr'>V.</span> <span class='ocrx_word' id='word_1_215' title='bbox 1498 1730 1576 1764; x_wconf 79' lang='lat'><strong>207.</strong></span> <span class='ocrx_word' id='word_1_216' title='bbox 1595 1728 1626 1763; x_wconf 87' lang='lat' dir='ltr'>b.</span> 
     </span>
    </p>
   </div>
   <div class='ocr_carea' id='block_1_9' title="bbox 50 1846 1630 2188">
    <p class='ocr_par' dir='ltr' id='par_1_10' title="bbox 50 1846 1630 2188">
     <span class='ocr_line' id='line_1_23' title="bbox 133 1846 1630 1903; baseline -0.004 -10"><span class='ocrx_word' id='word_1_217' title='bbox 133 1855 202 1898; x_wconf 73' lang='lat'>57.</span> <span class='ocrx_word' id='word_1_218' title='bbox 234 1852 284 1893; x_wconf 89' lang='lat' dir='ltr'>A.</span> <span class='ocrx_word' id='word_1_219' title='bbox 308 1850 354 1892; x_wconf 83' lang='lat' dir='ltr'>F.</span> <span class='ocrx_word' id='word_1_220' title='bbox 378 1849 428 1892; x_wconf 85' lang='lat' dir='ltr'>R.</span> <span class='ocrx_word' id='word_1_221' title='bbox 454 1849 510 1891; x_wconf 92' lang='lat' dir='ltr'>M.</span> <span class='ocrx_word' id='word_1_222' title='bbox 537 1857 768 1893; x_wconf 73' lang='lat' dir='ltr'>Romanus</span> <span class='ocrx_word' id='word_1_223' title='bbox 800 1850 1028 1903; x_wconf 59' lang='lat' dir='ltr'>Poncc&#39;fess.</span> <span class='ocrx_word' id='word_1_224' title='bbox 1052 1872 1077 1878; x_wconf 93' lang='lat'>—</span> <span class='ocrx_word' id='word_1_225' title='bbox 1093 1847 1250 1889; x_wconf 87' lang='lat' dir='ltr'>Urban.</span> <span class='ocrx_word' id='word_1_226' title='bbox 1273 1846 1390 1899; x_wconf 90' lang='lat' dir='ltr'><strong>VIH,</strong></span> <span class='ocrx_word' id='word_1_227' title='bbox 1409 1847 1630 1888; x_wconf 87' lang='lat' dir='ltr'>attendens</span> 
     </span>
     <span class='ocr_line' id='line_1_24' title="bbox 52 1918 1628 1972; baseline -0.004 -8"><span class='ocrx_word' id='word_1_228' title='bbox 52 1922 106 1964; x_wconf 90' lang='lat' dir='ltr'>ad</span> <span class='ocrx_word' id='word_1_229' title='bbox 126 1923 369 1964; x_wconf 87' lang='lat' dir='ltr'>continuum</span> <span class='ocrx_word' id='word_1_230' title='bbox 390 1920 489 1962; x_wconf 89' lang='lat' dir='ltr'>fidei</span> <span class='ocrx_word' id='word_1_231' title='bbox 504 1922 548 1961; x_wconf 91' lang='lat' dir='ltr'>in</span> <span class='ocrx_word' id='word_1_232' title='bbox 569 1919 716 1961; x_wconf 84' lang='lat' dir='ltr'>insulis</span> <span class='ocrx_word' id='word_1_233' title='bbox 736 1920 938 1972; x_wconf 85' lang='lat' dir='ltr'>iaponicis</span> <span class='ocrx_word' id='word_1_234' title='bbox 953 1920 1272 1970; x_wconf 84' lang='lat' dir='ltr'>incrementum,</span> <span class='ocrx_word' id='word_1_235' title='bbox 1292 1918 1450 1960; x_wconf 89' lang='lat' dir='ltr'>Didaco</span> <span class='ocrx_word' id='word_1_236' title='bbox 1467 1919 1628 1971; x_wconf 86' lang='lat' dir='ltr'>episco-</span> 
     </span>
     <span class='ocr_line' id='line_1_25' title="bbox 50 1988 1628 2047; baseline -0.004 -12"><span class='ocrx_word' id='word_1_237' title='bbox 50 2007 102 2047; x_wconf 92' lang='lat' dir='ltr'>po</span> <span class='ocrx_word' id='word_1_238' title='bbox 122 1993 337 2045; x_wconf 85' lang='lat' dir='ltr'>Funayen.</span> <span class='ocrx_word' id='word_1_239' title='bbox 361 1994 406 2033; x_wconf 92' lang='lat' dir='ltr'>in</span> <span class='ocrx_word' id='word_1_240' title='bbox 427 1992 467 2033; x_wconf 93' lang='lat' dir='ltr'>d.</span> <span class='ocrx_word' id='word_1_241' title='bbox 491 1992 640 2032; x_wconf 87' lang='lat' dir='ltr'>insulis</span> <span class='ocrx_word' id='word_1_242' title='bbox 661 1991 820 2044; x_wconf 87' lang='lat' dir='ltr'>petenti</span> <span class='ocrx_word' id='word_1_243' title='bbox 850 1991 987 2030; x_wconf 79' lang='lat' dir='ltr'>varias</span> <span class='ocrx_word' id='word_1_244' title='bbox 1019 1989 1211 2031; x_wconf 88' lang='lat' dir='ltr'>concedit</span> <span class='ocrx_word' id='word_1_245' title='bbox 1240 1989 1462 2030; x_wconf 83' lang='lat' dir='ltr'>facultates</span> <span class='ocrx_word' id='word_1_246' title='bbox 1492 1988 1628 2030; x_wconf 87' lang='lat' dir='ltr'>absol-</span> 
     </span>
     <span class='ocr_line' id='line_1_26' title="bbox 50 2061 1629 2117; baseline -0.003 -12"><span class='ocrx_word' id='word_1_247' title='bbox 50 2064 188 2117; x_wconf 83' lang='lat' dir='ltr'>vendi,</span> <span class='ocrx_word' id='word_1_248' title='bbox 208 2064 428 2105; x_wconf 86' lang='lat' dir='ltr'>dirimendi</span> <span class='ocrx_word' id='word_1_249' title='bbox 448 2063 717 2104; x_wconf 86' lang='lat' dir='ltr'>matrimonia</span> <span class='ocrx_word' id='word_1_250' title='bbox 737 2061 943 2116; x_wconf 87' lang='lat' dir='ltr'>quaedam</span> <span class='ocrx_word' id='word_1_251' title='bbox 961 2075 1041 2101; x_wconf 93' lang='lat' dir='ltr'>non</span> <span class='ocrx_word' id='word_1_252' title='bbox 1063 2062 1122 2101; x_wconf 84' lang='lat' dir='ltr'>ita</span> <span class='ocrx_word' id='word_1_253' title='bbox 1144 2066 1235 2101; x_wconf 82' lang='lat' dir='ltr'>rata</span> <span class='ocrx_word' id='word_1_254' title='bbox 1257 2062 1359 2114; x_wconf 86' lang='lat' dir='ltr'>quin</span> <span class='ocrx_word' id='word_1_255' title='bbox 1376 2061 1629 2101; x_wconf 88' lang='lat' dir='ltr'>necessitate</span> 
     </span>
     <span class='ocr_line' id='line_1_27' title="bbox 51 2131 1630 2188; baseline -0.004 -11"><span class='ocrx_word' id='word_1_256' title='bbox 51 2136 252 2177; x_wconf 83' lang='lat' dir='ltr'>suadente</span> <span class='ocrx_word' id='word_1_257' title='bbox 282 2134 449 2176; x_wconf 82' lang='lat' dir='ltr'>dissolvi</span> <span class='ocrx_word' id='word_1_258' title='bbox 478 2135 654 2188; x_wconf 88' lang='lat' dir='ltr'>possint,</span> <span class='ocrx_word' id='word_1_259' title='bbox 686 2132 926 2186; x_wconf 89' lang='lat' dir='ltr'>baptizandi</span> <span class='ocrx_word' id='word_1_260' title='bbox 957 2133 1131 2173; x_wconf 85' lang='lat' dir='ltr'>servatis</span> <span class='ocrx_word' id='word_1_261' title='bbox 1160 2132 1409 2173; x_wconf 87' lang='lat' dir='ltr'>ceremoniis</span> <span class='ocrx_word' id='word_1_262' title='bbox 1439 2144 1546 2185; x_wconf 88' lang='lat' dir='ltr'>quae</span> <span class='ocrx_word' id='word_1_263' title='bbox 1577 2131 1630 2171; x_wconf 85' lang='lat' dir='ltr'>ad</span> 
     </span>
    </p>
   </div>
   <div class='ocr_carea' id='block_1_10' title="bbox 50 2203 1256 2315">
    <p class='ocr_par' dir='ltr' id='par_1_11' title="bbox 50 2203 1256 2315">
     <span class='ocr_line' id='line_1_28' title="bbox 52 2203 1100 2260; baseline -0.005 -12"><span class='ocrx_word' id='word_1_264' title='bbox 52 2206 329 2248; x_wconf 85' lang='lat' dir='ltr'>substantiam</span> <span class='ocrx_word' id='word_1_265' title='bbox 351 2206 463 2260; x_wconf 87' lang='lat' dir='ltr'>bapt.</span> <span class='ocrx_word' id='word_1_266' title='bbox 487 2206 772 2259; x_wconf 88' lang='lat' dir='ltr'>requiruntur.</span> <span class='ocrx_word' id='word_1_267' title='bbox 796 2203 860 2244; x_wconf 87' lang='lat' dir='ltr'>Ad</span> <span class='ocrx_word' id='word_1_268' title='bbox 883 2205 931 2244; x_wconf 87' lang='lat'>15</span> <span class='ocrx_word' id='word_1_269' title='bbox 953 2216 1100 2244; x_wconf 86' lang='lat' dir='ltr'>annos.</span> 
     </span>
     <span class='ocr_line' id='line_1_29' title="bbox 50 2268 1256 2315; baseline -0.007 -6"><span class='ocrx_word' id='word_1_270' title='bbox 50 2272 92 2309; x_wconf 89' lang='lat' dir='ltr'>In</span> <span class='ocrx_word' id='word_1_271' title='bbox 108 2283 191 2306; x_wconf 86' lang='lat' dir='ltr'>arce</span> <span class='ocrx_word' id='word_1_272' title='bbox 208 2271 415 2315; x_wconf 88' lang='lat' dir='ltr'>Gandulphi</span> <span class='ocrx_word' id='word_1_273' title='bbox 433 2272 611 2306; x_wconf 86' lang='lat' dir='ltr'>Albanen.</span> <span class='ocrx_word' id='word_1_274' title='bbox 630 2271 743 2304; x_wconf 85' lang='lat' dir='ltr'>dioec.</span> <span class='ocrx_word' id='word_1_275' title='bbox 764 2270 836 2304; x_wconf 84' lang='lat' dir='ltr'>XX</span> <span class='ocrx_word' id='word_1_276' title='bbox 854 2269 931 2303; x_wconf 87' lang='lat' dir='ltr'>Oct.</span> <span class='ocrx_word' id='word_1_277' title='bbox 955 2272 1038 2304; x_wconf 78' lang='lat'>1626</span> <span class='ocrx_word' id='word_1_278' title='bbox 1057 2269 1096 2302; x_wconf 77' lang='lat' dir='ltr'>P.</span> <span class='ocrx_word' id='word_1_279' title='bbox 1116 2279 1174 2302; x_wconf 82' lang='lat' dir='ltr'>an.</span> <span class='ocrx_word' id='word_1_280' title='bbox 1196 2268 1256 2303; x_wconf 96' lang='lat' dir='ltr'>IV.</span> 
     </span>
    </p>
   </div>
   <div class='ocr_carea' id='block_1_11' title="bbox 1224 2389 1630 2432">
    <p class='ocr_par' dir='ltr' id='par_1_12' title="bbox 1224 2389 1630 2432">
     <span class='ocr_line' id='line_1_30' title="bbox 1224 2389 1630 2432; baseline -0.007 -8"><span class='ocrx_word' id='word_1_281' title='bbox 1224 2389 1307 2432; x_wconf 67' lang='lat' dir='ltr'><strong>Rey.</strong></span> <span class='ocrx_word' id='word_1_282' title='bbox 1328 2389 1414 2422; x_wconf 69' lang='lat' dir='ltr'><strong>buli.</strong></span> <span class='ocrx_word' id='word_1_283' title='bbox 1444 2390 1480 2423; x_wconf 91' lang='lat' dir='ltr'>V.</span> <span class='ocrx_word' id='word_1_284' title='bbox 1500 2392 1576 2424; x_wconf 78' lang='lat'><strong>208.</strong></span> <span class='ocrx_word' id='word_1_285' title='bbox 1598 2390 1630 2422; x_wconf 86' lang='lat' dir='ltr'>b.</span> 
     </span>
    </p>
   </div>
   <div class='ocr_carea' id='block_1_12' title="bbox 2 2508 1636 3064">
    <p class='ocr_par' dir='ltr' id='par_1_13' title="bbox 2 2508 1636 3064">
     <span class='ocr_line' id='line_1_31' title="bbox 137 2508 1631 2568; baseline -0.008 -8"><span class='ocrx_word' id='word_1_286' title='bbox 137 2516 208 2560; x_wconf 83' lang='lat'>58.</span> <span class='ocrx_word' id='word_1_287' title='bbox 245 2516 499 2558; x_wconf 72' lang='lat' dir='ltr'>Pastoralz&#39;s</span> <span class='ocrx_word' id='word_1_288' title='bbox 518 2516 655 2568; x_wconf 64' lang='lat' dir='ltr'>officii</span> <span class='ocrx_word' id='word_1_289' title='bbox 673 2528 798 2556; x_wconf 68' lang='lat' dir='ltr'>cura.</span> <span class='ocrx_word' id='word_1_290' title='bbox 834 2535 859 2541; x_wconf 92' lang='lat'>-</span> <span class='ocrx_word' id='word_1_291' title='bbox 893 2509 1049 2552; x_wconf 86' lang='lat' dir='ltr'>Urban.</span> <span class='ocrx_word' id='word_1_292' title='bbox 1086 2508 1202 2561; x_wconf 87' lang='lat' dir='ltr'><strong>VlII,</strong></span> <span class='ocrx_word' id='word_1_293' title='bbox 1224 2508 1467 2562; x_wconf 84' lang='lat' dir='ltr'>petentibus</span> <span class='ocrx_word' id='word_1_294' title='bbox 1498 2509 1631 2549; x_wconf 88' lang='lat' dir='ltr'>Mutio</span> 
     </span>
     <span class='ocr_line' id='line_1_32' title="bbox 2 2580 1631 2638; baseline -0.004 -12"><span class='ocrx_word' id='word_1_295' title='bbox 2 2592 4 2594; x_wconf 83' lang='lat'>&#39;</span> <span class='ocrx_word' id='word_1_296' title='bbox 57 2584 301 2626; x_wconf 85' lang='lat' dir='ltr'>Vitelleschi</span> <span class='ocrx_word' id='word_1_297' title='bbox 322 2584 468 2638; x_wconf 89' lang='lat' dir='ltr'>Praep.</span> <span class='ocrx_word' id='word_1_298' title='bbox 491 2584 593 2624; x_wconf 88' lang='lat' dir='ltr'>Gen.</span> <span class='ocrx_word' id='word_1_299' title='bbox 619 2583 660 2624; x_wconf 89' lang='lat' dir='ltr'>S.</span> <span class='ocrx_word' id='word_1_300' title='bbox 685 2582 719 2624; x_wconf 91' lang='grc' dir='ltr'>Ι.</span> <span class='ocrx_word' id='word_1_301' title='bbox 744 2587 785 2623; x_wconf 85' lang='lat' dir='ltr'>et</span> <span class='ocrx_word' id='word_1_302' title='bbox 805 2582 926 2623; x_wconf 89' lang='lat' dir='ltr'>Petro</span> <span class='ocrx_word' id='word_1_303' title='bbox 951 2580 1254 2621; x_wconf 86' lang='lat' dir='ltr'>Verthamonio</span> <span class='ocrx_word' id='word_1_304' title='bbox 1276 2585 1434 2621; x_wconf 86' lang='lat' dir='ltr'>rectore</span> <span class='ocrx_word' id='word_1_305' title='bbox 1456 2580 1631 2620; x_wconf 84' lang='lat' dir='ltr'>novitio-</span> 
     </span>
     <span class='ocr_line' id='line_1_33' title="bbox 56 2649 1633 2708; baseline -0.004 -12"><span class='ocrx_word' id='word_1_306' title='bbox 56 2668 148 2696; x_wconf 88' lang='lat' dir='ltr'>rum</span> <span class='ocrx_word' id='word_1_307' title='bbox 167 2668 241 2696; x_wconf 89' lang='lat' dir='ltr'>seu</span> <span class='ocrx_word' id='word_1_308' title='bbox 261 2655 408 2696; x_wconf 92' lang='lat' dir='ltr'>domus</span> <span class='ocrx_word' id='word_1_309' title='bbox 427 2654 546 2708; x_wconf 87' lang='lat' dir='ltr'>prob.</span> <span class='ocrx_word' id='word_1_310' title='bbox 569 2653 756 2694; x_wconf 85' lang='lat' dir='ltr'>eiusdem</span> <span class='ocrx_word' id='word_1_311' title='bbox 777 2652 818 2694; x_wconf 92' lang='lat' dir='ltr'>S.</span> <span class='ocrx_word' id='word_1_312' title='bbox 843 2665 918 2705; x_wconf 88' lang='lat' dir='ltr'>per</span> <span class='ocrx_word' id='word_1_313' title='bbox 937 2651 1197 2704; x_wconf 87' lang='lat' dir='ltr'>provinciam</span> <span class='ocrx_word' id='word_1_314' title='bbox 1227 2649 1494 2702; x_wconf 80' lang='lat' dir='ltr'>Tolosanam‚</span> <span class='ocrx_word' id='word_1_315' title='bbox 1518 2664 1633 2690; x_wconf 82' lang='lat' dir='ltr'>man-</span> 
     </span>
     <span class='ocr_line' id='line_1_34' title="bbox 59 2721 1631 2779; baseline -0.004 -12"><span class='ocrx_word' id='word_1_316' title='bbox 59 2726 131 2767; x_wconf 84' lang='lat' dir='ltr'>dat</span> <span class='ocrx_word' id='word_1_317' title='bbox 159 2725 325 2767; x_wconf 89' lang='lat' dir='ltr'>officiali</span> <span class='ocrx_word' id='word_1_318' title='bbox 354 2726 538 2779; x_wconf 89' lang='lat' dir='ltr'>episcopi</span> <span class='ocrx_word' id='word_1_319' title='bbox 567 2723 786 2766; x_wconf 87' lang='lat' dir='ltr'>Caturcen.</span> <span class='ocrx_word' id='word_1_320' title='bbox 822 2727 868 2764; x_wconf 89' lang='lat' dir='ltr'>ut</span> <span class='ocrx_word' id='word_1_321' title='bbox 897 2735 993 2763; x_wconf 88' lang='lat' dir='ltr'>cum</span> <span class='ocrx_word' id='word_1_322' title='bbox 1024 2721 1065 2764; x_wconf 91' lang='lat' dir='ltr'>d.</span> <span class='ocrx_word' id='word_1_323' title='bbox 1098 2722 1218 2762; x_wconf 91' lang='lat' dir='ltr'>domo</span> <span class='ocrx_word' id='word_1_324' title='bbox 1250 2722 1368 2762; x_wconf 87' lang='lat' dir='ltr'>uniat</span> <span class='ocrx_word' id='word_1_325' title='bbox 1402 2722 1631 2774; x_wconf 88' lang='lat' dir='ltr'>prioratum</span> 
     </span>
     <span class='ocr_line' id='line_1_35' title="bbox 60 2790 1635 2852; baseline -0.004 -14"><span class='ocrx_word' id='word_1_326' title='bbox 60 2796 106 2838; x_wconf 91' lang='lat' dir='ltr'>B.</span> <span class='ocrx_word' id='word_1_327' title='bbox 132 2796 190 2838; x_wconf 94' lang='lat' dir='ltr'>M.</span> <span class='ocrx_word' id='word_1_328' title='bbox 214 2796 264 2838; x_wconf 88' lang='lat' dir='ltr'>de</span> <span class='ocrx_word' id='word_1_329' title='bbox 283 2795 538 2852; x_wconf 14' lang='lat' dir='ltr'>lavRamiere</span> <span class='ocrx_word' id='word_1_330' title='bbox 563 2809 675 2836; x_wconf 86' lang='lat' dir='ltr'>nunc</span> <span class='ocrx_word' id='word_1_331' title='bbox 704 2794 752 2836; x_wconf 89' lang='lat' dir='ltr'>O.</span> <span class='ocrx_word' id='word_1_332' title='bbox 777 2793 817 2835; x_wconf 93' lang='lat' dir='ltr'>S.</span> <span class='ocrx_word' id='word_1_333' title='bbox 842 2793 947 2845; x_wconf 84' lang='lat' dir='ltr'>Aug.</span> <span class='ocrx_word' id='word_1_334' title='bbox 971 2805 1064 2834; x_wconf 88' lang='lat' dir='ltr'>can.</span> <span class='ocrx_word' id='word_1_335' title='bbox 1088 2805 1171 2844; x_wconf 81' lang='lat' dir='ltr'>reg.</span> <span class='ocrx_word' id='word_1_336' title='bbox 1206 2790 1429 2833; x_wconf 79' lang='lat' dir='ltr'>Caturcen.</span> <span class='ocrx_word' id='word_1_337' title='bbox 1452 2791 1585 2833; x_wconf 89' lang='lat' dir='ltr'>dioec.</span> <span class='ocrx_word' id='word_1_338' title='bbox 1610 2805 1635 2832; x_wconf 90' lang='lat' dir='ltr'>a</span> 
     </span>
     <span class='ocr_line' id='line_1_36' title="bbox 8 2861 1630 2920; baseline -0.004 -11"><span class='ocrx_word' id='word_1_339' title='bbox 8 2892 13 2894; x_wconf 76' lang='grc'><strong>-</strong></span> <span class='ocrx_word' id='word_1_340' title='bbox 56 2866 214 2908; x_wconf 89' lang='lat' dir='ltr'>Ioanne</span> <span class='ocrx_word' id='word_1_341' title='bbox 243 2866 444 2920; x_wconf 82' lang='lat' dir='ltr'>Savignac</span> <span class='ocrx_word' id='word_1_342' title='bbox 474 2866 574 2908; x_wconf 87' lang='lat' dir='ltr'>cler.</span> <span class='ocrx_word' id='word_1_343' title='bbox 598 2866 856 2916; x_wconf 60' lang='lat' dir='ltr'>Rutheuen„</span> <span class='ocrx_word' id='word_1_344' title='bbox 879 2867 1150 2917; x_wconf 86' lang='lat' dir='ltr'>procuratore</span> <span class='ocrx_word' id='word_1_345' title='bbox 1182 2862 1307 2903; x_wconf 86' lang='lat' dir='ltr'>Petro</span> <span class='ocrx_word' id='word_1_346' title='bbox 1338 2863 1389 2904; x_wconf 90' lang='lat' dir='ltr'>de</span> <span class='ocrx_word' id='word_1_347' title='bbox 1419 2862 1460 2904; x_wconf 92' lang='lat' dir='ltr'>la</span> <span class='ocrx_word' id='word_1_348' title='bbox 1490 2861 1630 2903; x_wconf 91' lang='lat' dir='ltr'>Horru</span> 
     </span>
     <span class='ocr_line' id='line_1_37' title="bbox 58 2932 1636 2992; baseline -0.004 -12"><span class='ocrx_word' id='word_1_349' title='bbox 58 2938 197 2992; x_wconf 87' lang='lat' dir='ltr'>presb.</span> <span class='ocrx_word' id='word_1_350' title='bbox 216 2937 428 2991; x_wconf 88' lang='lat' dir='ltr'>Tolosan.‚</span> <span class='ocrx_word' id='word_1_351' title='bbox 444 2939 715 2991; x_wconf 86' lang='lat' dir='ltr'>resignatum,</span> <span class='ocrx_word' id='word_1_352' title='bbox 732 2949 758 2977; x_wconf 89' lang='lat' dir='ltr'>a</span> <span class='ocrx_word' id='word_1_353' title='bbox 778 2949 889 2976; x_wconf 88' lang='lat' dir='ltr'>mon.</span> <span class='ocrx_word' id='word_1_354' title='bbox 913 2934 963 2976; x_wconf 86' lang='lat' dir='ltr'>de</span> <span class='ocrx_word' id='word_1_355' title='bbox 984 2933 1148 2975; x_wconf 90' lang='lat' dir='ltr'>Corona</span> <span class='ocrx_word' id='word_1_356' title='bbox 1167 2947 1292 2975; x_wconf 89' lang='lat' dir='ltr'>nunc.</span> <span class='ocrx_word' id='word_1_357' title='bbox 1317 2933 1356 2974; x_wconf 93' lang='lat' dir='ltr'>d.</span> <span class='ocrx_word' id='word_1_358' title='bbox 1381 2932 1479 2975; x_wconf 90' lang='lat' dir='ltr'>Ord.</span> <span class='ocrx_word' id='word_1_359' title='bbox 1500 2932 1636 2986; x_wconf 85' lang='lat' dir='ltr'>Engo-</span> 
     </span>
     <span class='ocr_line' id='line_1_38' title="bbox 60 3003 1633 3064; baseline -0.003 -14"><span class='ocrx_word' id='word_1_360' title='bbox 60 3008 224 3052; x_wconf 86' lang='lat' dir='ltr'>lismen.</span> <span class='ocrx_word' id='word_1_361' title='bbox 249 3009 382 3053; x_wconf 87' lang='lat' dir='ltr'>dioec.</span> <span class='ocrx_word' id='word_1_362' title='bbox 406 3009 727 3064; x_wconf 85' lang='lat' dir='ltr'>dependentem,</span> <span class='ocrx_word' id='word_1_363' title='bbox 749 3020 775 3049; x_wconf 90' lang='lat' dir='ltr'>a</span> <span class='ocrx_word' id='word_1_364' title='bbox 793 3009 846 3048; x_wconf 87' lang='lat'>40</span> <span class='ocrx_word' id='word_1_365' title='bbox 867 3006 988 3048; x_wconf 84' lang='lat' dir='ltr'>annis</span> <span class='ocrx_word' id='word_1_366' title='bbox 1009 3004 1221 3048; x_wconf 85' lang='lat' dir='ltr'>desertum</span> <span class='ocrx_word' id='word_1_367' title='bbox 1242 3004 1472 3046; x_wconf 88' lang='lat' dir='ltr'>monachis.</span> <span class='ocrx_word' id='word_1_368' title='bbox 1498 3003 1567 3046; x_wconf 87' lang='lat' dir='ltr'>Fr.</span> <span class='ocrx_word' id='word_1_369' title='bbox 1592 3004 1633 3046; x_wconf 90' lang='lat' dir='ltr'>d.</span> 
     </span>
    </p>
   </div>
  </div>
 </body>
</html>
