1989 3252
267 185 412 230 Pauli
430 185 486 229 V.
942 208 997 214 —
1025 184 1105 225 250
1134 208 1190 216 -
1716 185 1848 229 1609.

349 273 417 316 81.
446 277 554 314 Cum
577 273 788 314 nonnulli
799 272 1064 327 presbyteri
1079 276 1121 314 S.
1143 276 1176 314 I.
1193 295 1219 302 —
1238 270 1358 313 Paul.
1381 270 1420 312 V
1440 269 1614 312 Claudio
1635 270 1854 324 Aquaviva

270 341 338 383 Pr.
363 340 467 383 Gen.
494 341 535 383 S.
560 340 595 382 I.
619 354 693 394 pro
728 341 987 395 presbyteris
1008 341 1049 384 S.
1073 341 1108 383 I.
1132 343 1175 382 in
1204 342 1394 396 partibus
1422 341 1632 384 CPlitanis
1661 341 1854 383 concedit

270 413 412 454 varias
434 412 660 454 facultates
680 412 941 463 absolvendi,
964 412 1248 467 dispensandi.

275 478 320 514 R.
339 490 396 522 ap.
418 479 453 513 S.
474 479 524 514 Μ.
544 479 668 514 XXIH
682 478 770 513 Maii
790 481 874 514 1609
890 479 931 513 Ρ.
951 490 1009 513 an.
1029 479 1093 514 IV.

1494 590 1581 633 Rey.
1600 589 1692 623 buu.
1712 590 1776 624 lv,
1794 593 1848 625 89.

355 699 427 742 82.
448 697 498 738 A.
518 696 567 738 P.
591 695 641 737 R.
660 695 720 737 M.
745 698 818 740 Ad
832 700 1088 753 pastoralis
1107 701 1258 752 officii.
1278 722 1304 728 —
1323 696 1443 739 Paul.
1465 696 1500 738 V
1516 697 1737 751 collegium
1759 697 1800 740 S.
1819 698 1855 741 Ι.

272 769 317 809 in
341 769 420 810 ciV.
444 767 477 809 F
481 769 660 819 irmana,
683 771 778 821 post
806 767 949 821 plures
978 769 1182 810 tractatus
1211 769 1323 810 inter
1342 768 1457 822 Virg.
1483 769 1734 823 Caeparium
1755 769 1795 811 S.
1820 769 1856 812 I.

275 845 318 882 et
353 841 518 882 Priores
539 844 581 881 et
615 839 890 893 Regulatores
919 840 1102 881 civitatis
1132 840 1183 882 de
1204 841 1378 882 consilio
1414 840 1699 882 Cardinalium
1735 855 1860 895 super

272 910 381 953 bono
421 911 627 964 regimine
664 915 798 952 status
820 910 1096 952 ecclesiastici
1133 911 1427 965 deputatorum
1460 912 1626 953 habitos
1659 913 1861 955 (citantur

268 983 554 1025 instrumenta
581 984 630 1023 16
665 982 766 1036 Apr.
795 984 915 1034 1595,
939 985 962 1023 9
994 981 1108 1036 Sept.
1137 985 1257 1035 1603,
1284 985 1334 1025 14
1363 983 1476 1037 Sept.
1504 985 1624 1037 1605,
1650 986 1701 1025 14
1729 983 1855 1026 Mart.

272 1056 377 1096 1609
414 1058 518 1109 etc.)
539 1055 662 1108 erigit
696 1058 739 1096 et
773 1055 1068 1096 conventiones
1098 1054 1334 1097 confirmat.
1357 1080 1412 1086 —
1434 1055 1641 1109 Archiepo
1672 1055 1858 1097 Firman.

275 1124 366 1179 Epo
388 1125 653 1167 Camerinen.
679 1129 722 1167 et
743 1139 857 1167 caus.
881 1139 970 1166 cur.
995 1139 1103 1168 cam.
1127 1131 1263 1180 apost.
1288 1127 1580 1168 executionem
1601 1126 1838 1169 committit.

272 1191 316 1226 R.
337 1202 395 1235 ap.
417 1192 454 1226 S.
471 1192 521 1227 M.
541 1192 588 1227 VI
605 1192 685 1228 Iun.
707 1194 791 1228 1609
808 1191 849 1226 P.
869 1202 929 1226 an.
948 1192 992 1227 V.

1455 1303 1540 1346 Req.
1560 1302 1649 1337 bull.
1668 1303 1731 1338 IV.
1751 1305 1805 1338 99.
1825 1303 1859 1337 b.

356 1427 427 1470 83.
455 1421 699 1464 Dominicus
734 1421 850 1476 Epus
885 1421 1044 1464 Ostien.
1083 1421 1285 1475 Pinellus,
1322 1422 1390 1464 Fr.
1429 1422 1602 1465 Hieron.
1640 1423 1863 1465 Bernerius

272 1492 352 1546 Ep.
377 1493 577 1535 Portuen.
601 1491 856 1543 Asculanus‚
880 1491 985 1533 Rob.
1009 1492 1077 1533 tit.
1101 1492 1141 1533 S.
1167 1491 1274 1534 Mar.
1298 1493 1342 1533 in
1375 1494 1444 1534 via
1478 1492 1758 1534 Bellarminus
1779 1497 1859 1535 etc.

272 1564 313 1606 S.
339 1564 389 1605 R.
417 1563 467 1605 E.
491 1563 772 1605 Cardinales..
796 1563 1015 1616 generales
1049 1563 1326 1618 Inquisitores
1361 1564 1409 1606 P.
1434 1565 1643 1606 Ludovico
1664 1564 1863 1607 Michaeli

269 1635 310 1678 S.
337 1635 371 1677 I.
397 1635 640 1688 provinciae
676 1634 867 1688 Lugdun.
897 1635 1151 1676 Provinciali
1186 1639 1232 1676 ut
1253 1636 1296 1676 in
1331 1637 1506 1689 singulis
1541 1636 1725 1690 collegiis
1747 1637 1861 1678 civit.

270 1707 499 1749 Avenionis
534 1711 577 1748 et
611 1707 793 1748 aliarum
825 1708 1050 1748 comitatus
1081 1706 1336 1760 Venayssini
1366 1707 1417 1749 D.
1447 1707 1670 1750 Societatis
1699 1708 1864 1762 aliquos

272 1779 513 1821 sacerdotes
535 1779 768 1821 constituat
789 1779 861 1833 qui
881 1779 1116 1821 haereticos
1137 1778 1355 1821 absolvere
1376 1780 1536 1833 possint
1555 1779 1609 1821 ad
1634 1780 1864 1822 triennium

271 1849 520 1893 concedunt.

273 1917 317 1952 R.
339 1917 375 1950 in
395 1927 519 1960 congr.
539 1927 622 1961 gen.
642 1916 779 1960 Inquis.
799 1917 849 1952 id.
868 1918 963 1960 Aug.
984 1918 1069 1952 1609
1086 1916 1127 1952 P.
1148 1927 1207 1952 an.
1228 1916 1272 1951 V.

1435 2028 1522 2072 Rey.
1542 2027 1631 2062 bull.
1650 2027 1715 2062 IV.
1736 2029 1810 2063 112.
1830 2027 1863 2061 b.

359 2150 431 2193 84.
457 2147 499 2189 S.
525 2147 675 2202 Congr.
695 2162 761 2202 ep.
781 2152 821 2190 et
852 2162 936 2202 reg.
957 2148 1071 2190 decr.
1090 2162 1164 2202 pro
1194 2149 1398 2190 facultate
1428 2147 1615 2202 erigendi
1643 2148 1866 2201 collegium

274 2218 315 2262 S.
340 2219 375 2260 I.
400 2219 442 2259 in
464 2219 543 2260 civ.
570 2218 779 2260 Stabiensi
811 2220 896 2260 sive
917 2217 1053 2260 Castri
1065 2219 1219 2272 Maris,
1244 2233 1327 2262 non
1353 2220 1545 2261 obstante
1566 2219 1868 2261 constitutione

279 2289 411 2331 Clem.
436 2289 539 2331 VIII
561 2304 639 2331 nec
660 2291 819 2332 vocatis
840 2291 1019 2331 caeteris
1040 2290 1316 2344 regularibus.

277 2359 296 2391 2
314 2356 412 2399 Sept.
436 2359 533 2392 1609.

1174 2467 1328 2502 Elenclz.
1350 2468 1438 2502 hall.
1459 2468 1525 2502 sub
1541 2467 1602 2501 die
1619 2469 1639 2502 8
1658 2468 1752 2502 Maii
1770 2470 1866 2504 1606.

364 2600 436 2644 85.
464 2605 572 2643 Cum
601 2605 775 2655 quanta
805 2614 864 2643 ea·
890 2602 1127 2643 institutis.
1151 2624 1177 2629 —
1211 2599 1333 2640 Paul.
1357 2597 1392 2639 V
1419 2599 1575 2640 vicario
1609 2612 1703 2652 gen.
1726 2597 1865 2652 Episc.

283 2671 459 2723 Regien.
489 2670 731 2723 committit,
755 2669 995 2724 petentibus
1026 2675 1127 2712 rect.
1152 2674 1194 2711 et
1223 2669 1509 2723 collegialibus
1540 2669 1638 2710 coll.
1662 2669 1703 2711 S.
1728 2669 1763 2711 I.
1788 2669 1869 2710 Re-

282 2743 392 2795 gien.
420 2745 463 2783 et
491 2740 648 2783 Ioanne
669 2741 800 2783 Paulo
836 2741 987 2783 Roscio
1009 2745 1168 2783 rectore
1205 2741 1308 2782 eccl.
1334 2741 1375 2783 S.
1400 2741 1566 2794 Georgii
1600 2740 1639 2782 d.
1665 2741 1799 2794 civit.,
1822 2744 1870 2782 ut

282 2827 383 2855 cura
403 2814 640 2854 animarum
662 2813 714 2854 ad
735 2814 895 2855 vicinas
916 2814 1138 2867 parochias
1157 2813 1362 2854 translata
1383 2817 1426 2854 et
1446 2811 1652 2854 fructibus
1674 2811 1869 2854 dismem-

287 2885 434 2937 bratis,
459 2885 499 2926 d.
534 2885 755 2926 ecclesiam
791 2898 816 2926 a
851 2885 890 2926 d.
915 2884 1047 2926 Paulo
1084 2884 1464 2938 resignatamcum
1500 2883 1621 2925 domo
1655 2884 1868 2936 rectorali,

287 2957 420 2998 hortis
441 2955 620 3011 aliisque
654 2957 918 3011 pertinentiis
938 2957 1052 2998 intus
1087 2956 1319 3011 civitatem,
1343 2957 1462 2997 uniat
1496 2969 1591 2998 cum
1612 2954 1653 2996 d.
1677 2955 1866 3011 collegio.
