1989 3252
86 178 224 231 Greg.
244 175 345 219 XV.
755 196 807 201 —
837 173 916 211 295
945 195 1000 200 ——
1534 171 1662 214 1621.

166 263 235 306 14.
270 260 321 301 A.
339 259 386 301 Ρ.
404 259 456 301 R.
474 258 533 300 M.
557 266 610 302 ln
631 261 743 303 Sede
764 261 1011 313 Principis.
1030 282 1055 287 -
1076 257 1195 311 Greg.
1214 257 1307 310 XV,
1325 260 1495 310 petente
1511 256 1660 309 Praep.

86 332 192 374 Gen.
217 331 260 373 S.
282 330 335 381 1..
359 330 410 372 de
430 330 554 371 beato
575 330 744 382 Aloysio
765 328 955 381 Gonzaga
977 327 1044 369 die
1071 330 1120 370 21
1158 330 1251 370 Iun.
1275 342 1359 382 qua
1388 342 1442 370 ex
1471 327 1550 369 hac
1578 327 1664 368 vita

84 402 279 455 migravit
299 401 352 443 ad
372 401 550 453 coelum,
573 400 755 442 officium
776 403 819 441 et
839 400 1008 440 missam
1029 399 1233 441 concedit.

84 467 235 502 Tusculi
254 467 283 500 ΙΙ
303 466 380 501 Oct.
403 470 486 502 1621
503 466 546 500 P.
565 477 623 500 an.
641 465 669 501 I.

83 575 190 609 Buzz.
211 575 318 610 Rom.
1281 573 1367 615 Rey.
1387 572 1473 607 bule.
1497 572 1535 606 V.
1556 575 1609 608 51.
1629 572 1663 607 b.

165 697 233 740 15.
267 698 340 738 Ad
358 709 411 739 ea
431 709 489 739 ex
507 697 794 751 apostolicae.
819 718 846 723 —
866 693 986 746 Greg.
1024 692 1118 745 XV,
1155 692 1394 746 petentibus
1428 696 1591 734 rectore
1625 696 1668 734 et

85 765 372 818 collegialibus
402 765 494 806 coll.
525 763 567 806 S.
591 764 626 806 Ι.
663 764 911 816 Bituricen.,
950 763 1116 804 officiali
1150 763 1378 805 Bituricen.
1417 763 1589 804 mandat
1621 767 1669 804 ut

84 836 281 877 unionem
303 850 397 878 cum
419 835 460 877 d.
484 835 659 888 collegio
680 836 890 889 prioratus
912 834 952 876 S.
986 833 1187 888 Stephani
1221 834 1304 876 loci
1339 834 1389 875 de
1424 833 1665 876 Blancafort

85 906 134 949 O.
159 906 199 949 S.
224 908 330 960 Aug.
353 920 447 948 can.
469 920 554 960 reg.
593 905 823 947 Bituricen.
862 905 995 947 dioec.
1032 919 1057 947 a
1090 905 1247 946 Ioanne
1282 905 1402 946 Dube
1436 905 1587 946 clerico
1622 905 1666 945 in

86 991 235 1019 manus
264 977 386 1019 Pauli
419 977 456 1018 V
490 978 691 1030 resignati
725 976 912 1018 declaret
930 976 1104 1030 perinde
1125 976 1264 1017 valere
1285 989 1334 1017 ac
1371 977 1405 1016 si
1439 977 1484 1016 in
1513 976 1666 1017 litteris

85 1062 328 1102 expressum
377 1048 527 1090 fuisset
574 1049 775 1089 vicariam
815 1062 890 1102 per
928 1048 1131 1089 vicarium
1172 1047 1440 1089 amovibilem
1479 1047 1665 1089 exerceri

84 1120 232 1162 solere.

84 1185 232 1220 Tusculi
248 1185 299 1221 111
316 1195 402 1220 non.
423 1185 500 1220 Oct.
522 1187 604 1220 1621
625 1185 665 1219 P.
685 1196 745 1218 an.
763 1185 792 1220 I.

896 1295 983 1337 Κεφ.
1004 1295 1091 1328 bull.
1119 1294 1156 1326 V.
1177 1297 1230 1329 76.
1249 1313 1291 1318 -
1308 1294 1430 1327 Fumi.
1443 1305 1508 1338 pr.
1528 1295 1665 1327 Franc.

166 1417 234 1460 16.
269 1417 568 1459 Laborz'osam
589 1420 628 1458 et
648 1417 946 1470 indefessam.
970 1439 995 1444 —
1013 1414 1134 1467 Greg.
1159 1413 1252 1466 XV,
1274 1418 1444 1467 petente
1478 1413 1600 1456 Ferd.
1624 1413 1666 1455 II

85 1484 204 1526 Rom.
229 1499 324 1538 rege
345 1486 389 1525 in
409 1484 712 1538 Imperatorem
738 1484 886 1537 electo,
910 1485 1081 1526 mandat
1115 1489 1192 1538 epo
1226 1484 1431 1526 Viennen.
1454 1486 1540 1526 sive
1575 1485 1666 1526 eius

88 1555 258 1597 officiali
290 1563 337 1597 ut
371 1570 466 1597 curn
501 1556 595 1597 coll.
621 1555 662 1597 S.
687 1556 721 1597 I.
752 1555 952 1597 Viennen.
978 1570 1052 1609 per
1072 1555 1195 1597 Ferd.
1219 1556 1253 1598 I.
1277 1561 1414 1598 erecto
1450 1562 1490 1598 et
1526 1570 1666 1598 annua

84 1629 192 1669 2000
241 1627 331 1669 flor.
370 1641 421 1669 ex
471 1629 638 1681 proprio
672 1627 830 1669 telonio
865 1628 1080 1681 pensione,
1118 1642 1166 1669 eo
1202 1629 1308 1680 vivo,
1342 1628 1510 1680 donato,
1548 1629 1667 1669 uniat

84 1699 385 1740 monasterium
413 1699 660 1740 monialium
682 1698 724 1740 S.
764 1699 887 1740 Bern.
926 1698 1172 1741 Cistercien.
1211 1699 1310 1741 Ord.
1348 1700 1391 1740 in
1425 1712 1529 1752 pago
1565 1699 1665 1740 olim

85 1769 237 1823 Crucy,
260 1784 370 1811 nunc
390 1769 433 1812 S.
457 1770 661 1811 Bernardi
693 1784 837 1823 nunc.,
862 1784 1039 1824 quorum
1073 1771 1232 1812 fructus
1266 1770 1514 1823 Rodulphus
1550 1770 1591 1811 ΙΙ
1627 1770 1666 1811 ei

84 1842 210 1883 certis
230 1841 540 1882 conditionibus
561 1842 862 1895 assignaverat.
885 1841 956 1883 Fr.
979 1841 1187 1894 hodierni,
1213 1844 1316 1884 1500
1352 1842 1396 1884 fl.
1435 1843 1532 1895 (600
1569 1841 1665 1882 duc.

86 1913 178 1954 auri
199 1911 250 1954 de
270 1914 469 1965 camera).

83 1979 124 2013 R.
144 1989 200 2022 ap.
221 1979 257 2013 S.
280 1980 326 2012 M.
347 1979 397 2013 M.
420 1979 465 2012 IV
484 1979 532 2014 id.
554 1979 632 2013 Oet.
654 1981 736 2014 1621
759 1980 798 2013 P.
819 1991 878 2013 an.
898 1979 926 2014 I.

1274 2088 1363 2131 Κεφ
1382 2087 1471 2121 buu.
1500 2087 1537 2121 V.
1558 2090 1610 2122 62.
1632 2088 1666 2121 b.

166 2210 229 2253 17.
263 2208 314 2249 Α.
353 2208 400 2249 P.
440 2207 490 2248 R.
531 2208 585 2248 M.
628 2215 883 2251 Romanum
905 2211 1026 2252 decet
1047 2211 1330 2263 Pontificem.
1368 2232 1393 2238 —
1432 2207 1556 2260 Greg.
1591 2206 1668 2248 XV

83 2278 378 2320 celebrationis
401 2279 554 2320 missae
576 2278 642 2320 die
664 2279 707 2319 ΙΙ
728 2278 986 2331 Decembris,
1010 2282 1178 2332 petente
1194 2279 1344 2332 Praep.
1368 2278 1472 2320 Gen.
1498 2278 1539 2320 S.
1564 2279 1599 2321 Ι.
1624 2283 1666 2320 et

83 2350 180 2391 dein
201 2349 396 2403 Philippo
418 2349 719 2402 Hispaniarum
742 2364 853 2403 rege,
876 2351 920 2390 in
940 2350 1140 2391 honorem
1161 2350 1208 2391 B.
1248 2350 1397 2392 Franc.
1435 2349 1607 2392 Xaverii
1641 2363 1667 2391 a

83 2421 213 2462 Paulo
247 2420 285 2461 V
321 2422 630 2462 concessionem
671 2422 862 2462 extendit
895 2421 948 2463 ad
982 2435 1126 2463 omnes
1162 2422 1359 2463 ecclesias
1394 2422 1599 2473 locorum,
1622 2423 1666 2462 in
1745 2416 1749 2419 ⁴

84 2491 236 2545 quibus
259 2496 355 2532 sunt
376 2492 522 2532 domus
544 2491 584 2533 S.
610 2492 664 2543 I.,
689 2497 731 2533 et
752 2492 909 2545 indulg.
934 2492 1096 2545 plenar.
1121 2493 1159 2534 d.
1185 2493 1252 2534 die
1273 2493 1463 2534 concedit
1490 2493 1664 2534 visitan-

84 2564 196 2604 tibus
216 2563 317 2604 eccl.
343 2562 383 2604 S.
408 2563 531 2604 Pauli
552 2563 683 2605 (ioan.
707 2569 750 2605 et
770 2564 809 2605 S.
835 2564 965 2605 Rochi
1000 2563 1258 2605 Ulixbonen.
1297 2569 1339 2606 et
1373 2563 1443 2606 SS.
1478 2563 1600 2605 Nom.
1624 2564 1658 2606 Ι.

9 2674 21 2678 -
82 2633 133 2674 de
154 2633 283 2674 Urbe.

80 2698 125 2733 R.
144 2709 201 2741 ap.
221 2699 256 2733 S.
272 2698 320 2732 M.
344 2698 380 2732 M
413 2699 495 2734 VIlI
510 2699 584 2733 kal.
606 2700 697 2734 Nov.
720 2702 800 2735 1621
823 2700 859 2733 P.
880 2711 938 2734 an.
957 2702 984 2736 I.

1328 2809 1417 2852 Κεφ.
1437 2808 1525 2842 hall.
1552 2810 1588 2842 V.
1608 2811 1660 2844 59.

164 2917 235 2959 18Κ
269 2922 375 2959 Cum
395 2920 510 2958 sicut
530 2922 806 2971 accepimus.
830 2939 855 2944 —
875 2913 996 2967 Greg.
1021 2913 1112 2966 XV,
1136 2916 1287 2956 rectori
1323 2920 1363 2956 et
1397 2916 1663 2957 universitati

84 2985 318 3027 Eboracen.
343 2985 384 3027 S.
408 2984 444 3026 I.
469 2988 512 3026 et
531 2985 780 3038 provinciali
801 2985 841 3026 d.
866 2984 907 3026 S.
931 2986 974 3026 in
994 2999 1119 3038 regno
1140 2985 1421 3039 Portugalh'ae
1442 2991 1483 3027 et
1515 2986 1661 3039 Algar-
