1989 3252
101 258 241 302 Pauli
259 255 312 301 V.
762 280 814 285 -
844 257 920 297 261
953 280 1008 284 -
1543 252 1670 300 1612.

183 346 282 389 122.
313 347 538 400 Splendor
553 350 775 400 paternae
793 348 983 401 ylerdae.
1005 368 1031 373 -
1050 343 1168 386 Paul.
1193 342 1229 383 V
1250 342 1556 396 indulgentiam
1577 357 1672 397 per-

100 420 271 469 petuam
292 429 364 469 pro
386 416 572 457 ecclesiis
590 415 630 457 S.
655 415 688 456 I.
713 417 755 456 in
775 416 882 457 festo
902 416 1176 457 invocationis
1197 414 1403 456 concedit.

103 482 145 516 R.
165 493 222 525 ap.
243 482 277 516 S.
299 482 339 516 P.
360 482 443 516 XVI
466 482 549 516 Dec.
572 484 651 517 1611
673 482 714 516 Ρ.
733 494 791 516 an.
812 482 889 517 VH.

101 590 195 626 Nov.
218 592 302 624 bull.
323 591 358 624 S.
377 590 405 624 I.
428 593 499 626 135.
1295 590 1382 633 Κεφ
1403 589 1492 625 bun.
1510 589 1578 628 IV.
1596 592 1671 625 178.

186 701 285 746 123.
316 699 365 742 A.
402 699 446 740 P.
486 699 534 741 R.
573 698 631 741 M.
666 706 773 744 Cum
792 705 907 743 siout
927 707 1191 756 accipimus.
1214 724 1240 730 -
1272 698 1391 741 Paul.
1415 698 1452 739 V
1473 700 1671 741 iuvenum

103 772 426 825 congregationi,
449 784 555 825 quae
584 771 626 811 in
656 770 756 812 eccl.
788 768 829 812 S.
867 769 1017 824 Ignatii
1051 772 1236 824 episcopi
1271 776 1314 812 et
1347 775 1470 812 mart.
1508 770 1671 824 collegii

107 842 150 884 S.
173 842 208 883 I.
230 841 528 896 lngolstadien.
551 842 629 883 sub
650 841 986 884 denominatione
1006 842 1213 896 Colloquii
1234 842 1281 884 B.
1307 842 1364 885 M.
1398 842 1448 884 V.
1474 843 1672 884 canonice

104 914 297 955 instituta
317 914 475 965 existit,
497 914 614 954 cuius
635 912 777 954 dilecti
798 912 874 954 filii
895 914 1065 954 iuvenes
1097 913 1260 955 sodales
1282 914 1325 954 in
1353 913 1481 954 variis
1502 913 1673 966 pietatis

106 989 148 1026 et
166 986 352 1026 caritatis
372 984 567 1038 operibus
587 998 631 1026 se
652 990 956 1026 consueverunt
984 999 1195 1039 exercere,
1218 985 1497 1038 indulgentias
1530 984 1673 1037 plena-

107 1056 193 1097 rias
213 1056 399 1110 aliasque
420 1056 557 1097 varias
578 1055 780 1097 concedit.

106 1120 151 1155 R.
170 1132 228 1164 ap.
249 1120 284 1155 S.
306 1121 346 1154 P.
369 1120 397 1153 V
414 1121 489 1157 Ian.
513 1122 593 1155 1612
613 1120 652 1154 P.
672 1131 729 1154 an.
751 1121 823 1156 VH.

109 1229 261 1268 Hattler.
280 1230 353 1263 Der
368 1230 480 1263 ehrw.
502 1230 543 1263 Ρ.
561 1229 681 1263 Jakob
698 1230 801 1265 Rem.
824 1229 859 1264 S.
879 1230 907 1265 I.
930 1232 1025 1271 1881,
1048 1242 1080 1273 p.
1100 1232 1176 1265 319.

188 1341 287 1384 124.
308 1338 355 1380 A.
381 1337 426 1380 P.
451 1337 499 1379 R.
527 1338 581 1380 M.
610 1342 736 1382 Alias
755 1342 803 1393 fe
825 1358 832 1382 ε
855 1353 906 1383 re
927 1359 936 1382 .·
962 1342 1160 1383 Clemens
1185 1346 1271 1382 ΡΡ.
1304 1345 1415 1383 VIII.
1439 1364 1464 1370 -
1484 1337 1601 1380 Paul.
1624 1337 1678 1391 V,

108 1409 346 1464 petentibus
366 1409 545 1451 Ernesto
569 1410 774 1463 Archiepo
796 1408 1011 1451 Colonien.
1036 1415 1077 1451 et
1097 1410 1435 1453 administratore
1465 1410 1569 1452 eccl.
1588 1409 1680 1450 Hil-

108 1479 384 1533 desheimen.‚
407 1480 589 1534 capitulo
610 1480 648 1522 d.
668 1481 771 1522 eccl.
791 1486 834 1521 et
849 1486 1009 1522 rectore
1025 1481 1120 1522 coll.
1135 1480 1174 1522 S.
1190 1481 1224 1522 I.
1241 1481 1515 1523 Hildesheimi
1531 1481 1675 1533 erecti,

108 1551 437 1593 iurisdictionem
472 1552 785 1605 praepositurae
821 1551 922 1593 eccl.
964 1550 1003 1592 S.
1048 1551 1236 1593 Mauritii
1271 1552 1362 1605 (cfr.
1403 1557 1531 1597 Clam.
1579 1561 1683 1599 VIII

111 1636 150 1663 n.
179 1624 274 1675 111)
296 1636 321 1665 a
340 1628 498 1664 rectore
519 1623 681 1675 collegii
702 1623 870 1664 abdicat
890 1629 931 1664 et
952 1623 1127 1665 Ernesto
1150 1638 1198 1665 ac
1228 1623 1415 1665 Praesuli
1446 1639 1519 1666 seu
1549 1625 1681 1668 admi-

112 1695 326 1736 nistratori
346 1708 420 1748 pro
441 1704 627 1748 tempore
648 1694 980 1736 Hildesheimen.
1005 1709 1098 1736 cum
1125 1696 1327 1736 fructibus
1348 1698 1545 1749 assignat.

112 1760 153 1794 R.
172 1772 230 1803 ap.
249 1760 284 1795 S.
304 1761 346 1796 P.
366 1761 416 1796 XI
431 1762 508 1796 Ian.
532 1764 612 1796 1612
630 1762 670 1796 Ρ.
691 1772 750 1795 an.
773 1761 848 1796 VH.

1253 1872 1340 1917 Req.
1360 1873 1450 1908 hall.
1468 1872 1534 1909 IV.
1555 1876 1616 1909 176
1651 1875 1682 1908 b.

193 1985 291 2029 125.
323 1984 364 2025 S.
390 1983 537 2036 Congr.
561 1997 626 2036 ep.
651 1988 692 2024 et
720 1996 803 2036 reg.
827 1982 938 2024 decr.
963 1997 1037 2036 pro
1066 1983 1267 2026 facultate
1297 1985 1482 2038 erigendi
1509 1985 1610 2027 eccl.
1637 1990 1678 2026 et

114 2054 282 2096 domum
303 2055 530 2108 professam
551 2054 590 2096 S.
614 2054 648 2096 I.
671 2055 715 2095 in
734 2056 811 2095 civ,
838 2054 1093 2108 Calaritana,
1117 2069 1197 2097 non
1219 2056 1484 2097 obstantibus
1515 2058 1680 2110 opposi-

113 2127 297 2168 tionibus
329 2130 417 2168 tam
450 2126 623 2180 capituli
657 2120 757 2168 eccl.
796 2125 959 2168 cathed.
997 2140 1123 2181 quain
1153 2127 1339 2169 nonnull.
1380 2129 1679 2170 monasterium

118 2197 252 2239 eiusd.
275 2198 351 2239 civ,

116 2263 190 2299 Ian.
215 2266 270 2300 20.
290 2266 386 2300 1612.

1431 2374 1582 2410 E'Zench.
1601 2375 1692 2411 hall.

201 2485 301 2531 126.
334 2487 678 2529 considerantes
707 2488 968 2540 Reliyz'osos.
1000 2483 1122 2525 Paul.
1158 2482 1192 2524 V
1222 2484 1311 2538 Epo
1343 2485 1540 2526 Asculan.
1575 2498 1686 2526 com-

120 2557 250 2598 mittit
268 2560 316 2597 ut
335 2556 428 2597 coll.
453 2555 494 2598 S.
517 2555 537 2596 I
575 2569 707 2609 nuper
734 2556 778 2596 in
808 2555 849 2596 d.
872 2556 951 2596 ciV.
976 2555 1168 2596 instituto
1199 2556 1382 2609 assignet
1411 2561 1452 2597 et
1482 2556 1684 2597 concedat

122 2628 225 2669 eccl.
247 2641 336 2682 par.
370 2627 411 2669 S.
445 2626 654 2668 Vincentii
683 2626 882 2668 Asculan.
919 2640 945 2667 a
979 2625 1118 2668 Marco
1153 2627 1251 2667 Ant.
1288 2627 1494 2668 Canuccio
1530 2632 1688 2669 rectore

122 2699 374 2751 resignatam
403 2698 471 2753 (fr.
503 2700 556 2740 24
585 2698 700 2751 duc.)
731 2711 882 2739 nomen
910 2698 1081 2751 paroch.
1114 2699 1349 2751 supprimat
1368 2703 1410 2739 et
1430 2711 1573 2739 curam
1600 2699 1689 2739 ani-

124 2783 287 2811 marum
306 2769 484 2822 abdicet,
506 2769 680 2821 fructus,
703 2770 795 2810 iura
824 2775 906 2810 etc.
929 2770 1115 2822 exceptis
1146 2769 1268 2810 domo
1299 2773 1342 2810 et
1370 2769 1465 2810 aliis
1486 2768 1691 2811 aedificiis

121 2841 398 2882 rectoralibus
417 2845 459 2882 et
478 2854 594 2883 sacro
615 2839 878 2894 supellectili,
897 2840 950 2881 ad
970 2854 1096 2882 unam
1118 2840 1184 2881 vel
1203 2841 1345 2894 plures
1365 2841 1534 2895 paroch.
1554 2841 1688 2883 eccle-

127 2912 210 2954 sias
232 2912 440 2966 regulares
460 2912 699 2953 transferat.

135 2977 177 3013 R.
196 2989 253 3022 ap.
273 2978 308 3014 S.
327 2978 375 3013 M.
395 2978 443 3014 IV
462 2978 508 3014 id.
529 2981 614 3022 Apr.
636 2981 719 3013 1612
737 2978 777 3012 P.
793 2988 852 3012 an.
874 2977 949 3013 VII.

1309 3087 1398 3134 Req.
1418 3089 1504 3123 buu.
1525 3089 1548 3123 I
1560 3088 1594 3123 V.
1618 3089 1689 3123 184.
