1989 3252
281 251 467 295 Bened.
491 250 617 295 XIV.
966 276 1020 281 —
1049 253 1128 292 476
1159 277 1213 282 —
1749 256 1876 300 1753.

293 342 438 378 tamen
463 337 569 378 feria
592 336 649 378 VI
679 339 849 379 maioris
880 338 1183 391 hebdomadae,
1207 339 1384 381 durante
1411 340 1629 392 septennio
1658 337 1699 381 d.
1723 339 1875 383 brevis.

291 403 336 437 R.
356 414 413 446 ap.
435 403 471 437 S.
497 403 544 436 M.
565 404 614 438 M.
635 404 758 440 XXIII
774 405 851 440 Ian.
874 405 1015 439 17531’.
1037 417 1096 440 an.
1116 405 1212 440 XIII.

289 513 357 546 Ex.
379 519 453 557 typ.
474 524 567 547 cam.
587 525 646 557 ap.
667 516 716 558 ΓΟ.
1728 515 1873 549 Buclae.

372 625 444 668 57.
478 623 529 665 A.
554 623 601 666 Ρ.
626 622 676 666 R.
700 624 760 666 M.
785 629 970 682 Emponz'
990 629 1118 670 nobis
1139 641 1301 682 nuper.
1325 650 1350 655 -
1373 625 1475 667 Ben.
1499 624 1616 677 XIV,
1638 625 1730 678 Ign.
1754 624 1877 666 Vice-

290 696 444 736 comite
474 695 619 750 Praep.
653 696 757 739 Gen.
789 697 831 739 S.
855 697 890 740 Ι.
924 702 1163 751 exponente
1198 697 1373 738 dubium
1409 696 1460 739 de
1495 696 1767 750 derogatione
1801 710 1877 750 per

289 767 403 809 decr.
427 781 568 821 congr.
594 782 720 822 super
754 768 979 823 disciplina
999 769 1181 823 regulari
1216 769 1317 810 anni
1341 769 1445 810 1675
1477 768 1591 809 facta
1611 769 1655 809 in
1677 767 1878 809 facultate

288 837 330 880 S.
354 838 388 880 I.
414 838 668 881 admittendi
704 841 881 882 novitios
912 846 1011 883 ante
1046 843 1097 883 14
1126 854 1258 882 annos
1293 839 1541 893 completos,
1564 839 1605 881 d.
1630 839 1877 881 facultatem

287 908 452 951 firmam
475 912 677 953 mansisse
698 911 882 954 declarat
901 926 1081 967 eamque
1104 911 1341 954 confirmat.

285 976 328 1011 R.
349 988 408 1019 ap.
430 977 466 1012 S.
487 978 535 1012 M.
558 978 606 1012 M.
630 978 738 1014 XXX
756 979 833 1013 Ian.
856 981 940 1014 1753
962 979 998 1013 P.
1020 991 1079 1013 an.
1100 979 1197 1014 XIII.

284 1086 378 1120 Nov.
400 1086 487 1120 hall.
509 1088 542 1121 S.
567 1087 594 1120 I.
616 1090 691 1122 299.

369 1198 439 1241 58.
478 1203 569 1243 Quo
590 1201 984 1242 lvacrulentz'or·2'bus.
1006 1222 1031 1229 -
1053 1197 1155 1239 Ben.
1180 1196 1279 1239 XIV
1300 1196 1465 1251 Ignatio
1487 1195 1740 1238 Vicecomiti
1769 1194 1811 1237 S.
1836 1194 1873 1235 Ι.

288 1266 438 1320 Praep.
459 1268 583 1319 Gen.,
603 1273 841 1322 exponente
862 1269 945 1311 Ios.
970 1269 1021 1311 de
1037 1268 1146 1311 Lara
1162 1268 1203 1311 S.
1222 1268 1258 1311 I.
1278 1268 1419 1310 assist.
1439 1268 1562 1321 Hisp.
1583 1270 1872 1320 procuratore,

288 1338 481 1381 concedit
502 1346 549 1381 ut
569 1339 681 1394 quod
702 1354 777 1394 pro
800 1340 991 1390 Quitensi
1011 1340 1223 1382 indultum
1246 1344 1310 1382 est
1329 1339 1433 1393 (Cfr.
1457 1353 1498 1380 n.
1523 1340 1594 1393 51)
1626 1339 1666 1379 in
1699 1337 1875 1391 reliquis

285 1411 512 1463 provinciis
530 1411 570 1452 d.
589 1412 872 1465 assistentiae,
892 1412 1161 1466 Philippinis,
1180 1411 1416 1462 Mexicana‚
1435 1410 1655 1458 Peruensi‚
1672 1408 1873 1459 Chilensi,

285 1481 546 1536 Paraquaria
568 1489 610 1523 et
632 1484 728 1524 novi
749 1484 868 1537 regni
889 1483 1164 1526 Granatensis
1184 1497 1258 1525 seu
1281 1484 1323 1524 S.
1348 1481 1481 1535 Fidei,
1500 1480 1756 1523 missionarii
1776 1478 1816 1521 S.
1837 1478 1872 1521 I.

287 1553 471 1595 habeant
506 1554 753 1597 facultatem
775 1556 1019 1598 conferendi
1048 1570 1154 1598 sacr.
1179 1554 1528 1604 confirmationis,
1553 1550 1823 1606 dispensandi
1852 1564 1877 1592 a

285 1624 689 1677 proclamationibus
723 1630 765 1668 et
798 1627 1040 1669 celebrandi
1073 1627 1227 1669 festum
1266 1625 1623 1668 Praesentationis
1653 1623 1702 1665 B.
1735 1621 1794 1665 M.
1820 1620 1871 1663 V.

286 1710 381 1737 cum
405 1701 568 1739 octava.

284 1763 328 1798 R.
349 1775 407 1806 ap.
429 1764 464 1799 S.
486 1765 535 1799 M.
556 1765 606 1799 M.
626 1765 658 1800 ΙΙ
675 1765 783 1800 Mart.
806 1769 889 1801 1753
908 1767 948 1801 P.
967 1778 1026 1800 an.
1047 1766 1143 1802 X111.

284 1872 386 1906 Ball.
406 1874 452 1907 de
462 1885 623 1918 propag.
643 1875 718 1915 side
736 1875 811 1910 III.
830 1877 906 1910 520.

368 1986 440 2029 59.
478 1990 570 2030 Quo
591 1986 983 2028 temulentiorzhus.
1007 2009 1033 2014 -
1054 1983 1213 2026 Bened.
1237 1982 1352 2035 XIV,
1374 1987 1544 2037 petente
1563 1980 1623 2023 10.
1643 1980 1874 2022 Honoratio

285 2053 326 2095 S.
348 2053 382 2094 I.
398 2053 601 2096 Brasiliae
618 2060 906 2108 procuratore,
920 2069 994 2109 pro
1010 2055 1191 2096 Brasilia
1200 2060 1242 2096 et
1253 2054 1529 2108 Maragnonia
1539 2056 1684 2097 sz'mz'lz‘
1698 2054 1871 2108 forma.

283 2121 326 2155 R.
347 2132 403 2164 ap.
426 2121 462 2155 S.
485 2121 534 2155 M.
557 2122 604 2156 Μ.
624 2122 674 2158 ΙΙΙ
690 2122 799 2157 Mart.
824 2124 907 2157 1753
927 2122 966 2155 P.
986 2133 1045 2157 an.
1066 2122 1163 2158 XIII.

290 2230 384 2263 Eun.
404 2231 449 2263 (le
467 2242 621 2275 proparq.
643 2232 717 2275 fide
734 2232 800 2266 III.
822 2235 896 2266 522-

362 2361 436 2403 60.
474 2362 731 2415 Ievlt'gyz'ascte
750 2374 804 2401 αι’
823 2362 975 2413 filiast.
999 2383 1024 2389 —
1065 2358 1165 2399 Ben.
1204 2355 1301 2397 XIV
1324 2354 1502 2396 Claudio
1543 2354 1717 2396 Lacroix
1752 2352 1779 2394 S
1831 2353 1864 2394 I.

279 2428 515 2480 gratulatur
535 2429 819 2470 obedientiam
856 2443 954 2482 erga
975 2429 1319 2470 constitutionem
1357 2426 1507 2480 pontif.
1531 2425 1731 2466 adversus
1752 2423 1868 2466 duel-

281 2499 413 2541 lorum
438 2501 631 2550 abusum,
655 2515 737 2542 non
767 2506 853 2542 tam
877 2501 1014 2554 operis
1037 2501 1127 2540 eius
1149 2499 1379 2541 sententias
1399 2511 1526 2552 quam
1548 2496 1600 2538 ab
1623 2495 1717 2537 aliis
1738 2494 1866 2537 tradi-

280 2576 343 2612 tas
364 2573 582 2625 opiniones
605 2573 648 2614 in
669 2586 852 2614 examen
872 2572 924 2614 ab
946 2586 994 2613 eo
1023 2571 1226 2613 adductas
1248 2570 1376 2611 fuisse
1398 2569 1666 2622 proscriptas,
1690 2567 1819 2608 latam
1841 2581 1866 2607 a

278 2643 318 2683 S.
339 2642 495 2685 Indicis
512 2645 833 2698 congregatione
850 2644 949 2685 libri
966 2645 1058 2686 eius
1075 2643 1425 2697 proscriptionem
1441 2654 1465 2681 a
1481 2654 1525 2681 se
1542 2640 1672 2680 fuisse
1688 2652 1862 2692 suspen-

277 2729 364 2756 sam
390 2729 525 2770 neque
547 2717 638 2757 eius
660 2730 810 2758 nomen
834 2718 944 2757 inter
964 2715 1184 2758 damnatos
1205 2719 1399 2756 auctores
1417 2712 1562 2754 referri
1579 2711 1828 2766 permissum
1852 2726 1860 2763 ;

277 2788 417 2828 vincat
437 2801 560 2840 porro
581 2787 842 2829 aemulorum
865 2787 1083 2830 invidiam.

275 2854 316 2887 κ.
336 2865 394 2896 ap.
415 2854 451 2888 s.
475 2855 522 2887 M.
543 2855 591 2889 M.
612 2855 660 2890 111
681 2855 788 2890 Mart.
810 2858 894 2890 1753
912 2854 1149 2889 P.an.X1[1.

275 2965 325 2996 (ΓΙ.
348 2964 523 3004 Lae-roias,
545 2963 652 2997 theol.
674 2975 766 2996 mor.
787 2963 886 2997 edita
903 2974 925 2996 α
946 2962 1009 2996 Fr.
1030 2962 1219 2997 Zacharia
1238 2963 1333 3000 1761,
1353 2961 1382 3001 I,
1401 2963 1476 2995 246.

357 3086 429 3127 (31.
465 3084 512 3124 A.
540 3083 584 3124 P.
610 3083 660 3124 R.
685 3082 742 3125 M.
771 3089 997 3131 Quantum
1021 3097 1236 3126 secessus.
1262 3105 1288 3111 -
1315 3080 1415 3123 Ben.
1440 3079 1553 3121 XIV.
1579 3082 1747 3133 petente
1765 3076 1855 3131 Ign.
