1989 3252
290 154 465 198 Benctl.
489 154 615 198 XIV.
972 179 1023 185 -
1053 157 1134 196 468
1164 180 1217 186 —-
1749 161 1878 204 1746.

375 243 444 285 19.
481 241 767 291 Quantopere
785 243 976 285 carita-5⁶.
1002 266 1026 273 -
1062 242 1164 285 Ben.
1200 242 1297 285 XIV
1335 243 1499 285 Hilario
1521 243 1645 286 Costa
1683 246 1879 300 episcopo

290 314 494 363 Gorycen.
507 318 548 353 et
558 319 694 366 apost.
709 314 787 356 vic.
803 315 920 367 regni
934 314 1143 356 Tunchini
1160 315 1322 358 Orient.
1333 350 1341 367 ‚
1354 316 1487 357 relata
1498 318 1876 358 controversiarum

288 386 330 424 in
350 384 427 424 hac
451 385 648 424 missione
669 385 861 436 historia,
885 391 928 426 et
949 387 1089 427 citatis
1111 387 1277 428 decreto
1300 386 1486 428 Elzearis
1506 387 1539 427 F
1541 401 1575 429 r.
1595 387 1668 428 des
1689 388 1876 429 Achards

287 456 338 496 de
368 455 411 496 la
436 455 636 508 Beaume,
669 457 856 509 episcopi
893 456 1163 499 Halicarnon.
1189 463 1231 499 et
1261 465 1397 511 apost.
1422 458 1700 500 Cocinchinae
1731 461 1873 501 visita-

285 528 388 568 toris
408 529 434 568 2
454 526 536 569 Iul.
564 528 668 569 1740
690 527 741 569 de
766 528 1026 570 districtibus
1047 531 1405 572 missionariorum
1427 532 1579 572 semin.
1604 530 1871 584 Parisiensis‚

286 599 456 640 Pati-um
480 598 521 640 S.
541 598 576 640 I.
595 604 638 640 et
653 599 721 642 Fr.
742 600 840 642 Ord.
866 599 968 642 Min.
995 601 1035 642 S.
1060 600 1128 643 Fr.
1148 601 1199 643 de
1220 602 1403 654 observ„
1424 602 1534 656 quod
1555 602 1608 643 ad
1629 604 1871 644 instantiam

284 670 354 713 dd.
379 670 573 712 Fratrum
595 685 843 724 suspensum
868 672 962 724 fuit,
987 674 1138 725 partim
1164 679 1418 724 revocatum,
1440 699 1494 703 —
1516 673 1702 726 mandat,
1726 679 1771 714 ut
1792 687 1874 728 qua

284 743 429 795 Apost.
450 742 568 784 Sedis
590 742 821 795 delegatus,
841 749 975 796 apost.
996 744 1151 784 vicario
1168 749 1211 785 et
1230 744 1508 785 missionariis
1525 745 1641 785 varia
1664 745 1867 797 iniungat.

283 809 325 843 R.
345 821 402 851 ap.
424 809 461 842 S.
483 809 531 844 M.
551 810 600 844 M.
620 809 956 844 XXVINov.1744
976 810 1017 843 P.
1036 821 1096 844 an.
1118 811 1162 844 V.

282 920 383 954 Ball.
404 919 511 953 Rom.
531 937 570 942 —
590 919 687 951 Bull.
713 922 755 951 cle
770 930 930 963 propay.
949 919 1024 962 fide
1042 919 1112 953 III.
1136 922 1211 954 192.

364 1031 437 1074 20.
474 1036 808 1072 Gravisslmmn
832 1036 1042 1084 supremi
1060 1032 1357 1084 apostolatus.
1381 1053 1406 1058 -
1428 1028 1530 1070 Ben.
1555 1028 1652 1070 XIV
1681 1030 1865 1083 archiep.

280 1100 487 1154 episcopis
524 1106 566 1140 et
596 1099 828 1140 Ordinariis
858 1100 973 1152 regni
1004 1098 1275 1152 Neapolitani
1304 1100 1569 1142 commendat
1589 1114 1732 1143 sacras
1768 1102 1867 1142 mis-

277 1172 416 1213 siones
436 1170 565 1211 indici
586 1171 832 1223 praesertin]
855 1170 899 1210 in
929 1169 1031 1211 locis
1053 1183 1077 1211 a
1098 1170 1342 1212 civitatibus
1364 1172 1580 1225 seiunctis,
1604 1172 1715 1226 quod
1735 1173 1867 1226 aptis-

275 1243 428 1283 simum
459 1246 656 1295 expertus
677 1245 740 1282 est
770 1241 1019 1294 remedium,
1051 1248 1177 1295 atque
1199 1243 1393 1284 hortatur
1426 1250 1473 1284 ut
1508 1257 1601 1284 cum
1625 1244 1737 1286 card.
1773 1244 1865 1298 Spi-

278 1314 405 1355 nellio
426 1321 554 1367 agant
574 1318 617 1355 et
637 1313 783 1354 Patres
804 1313 1104 1355 Dominicanos
1125 1319 1166 1355 et
1188 1314 1228 1355 S.
1256 1314 1288 1356 Ι.
1314 1314 1561 1357 adhibeant.

274 1380 319 1415 R.
338 1392 397 1423 ap.
417 1379 453 1415 S.
473 1381 523 1416 M.
543 1381 593 1415 M.
613 1380 697 1415 VIII
716 1380 814 1424 Sept.
838 1383 920 1415 1745
939 1381 980 1414 P.
1001 1392 1060 1414 an.
1082 1381 1141 1416 VI.

274 1491 377 1525 Buca.
398 1491 508 1526 Rom.

357 1603 429 1646 ⁶21.
462 1598 588 1653 Cong.
614 1613 697 1642 sac.
722 1601 793 1642 rit.
817 1606 858 1642 et
888 1601 973 1643 ind.
998 1627 1024 1632 -
1049 1601 1279 1656 Cappellae
1310 1603 1460 1644 maiori
1480 1602 1576 1646 coll.
1600 1603 1814 1653 Parmen.‚
1837 1616 1862 1645 a

272 1672 354 1716 ΡΡ.
378 1671 418 1715 S.
444 1672 478 1715 I.
495 1672 690 1715 directae
720 1686 795 1727 pro
830 1673 937 1715 festo
967 1673 1050 1716 Stae
1079 1673 1334 1716 Catharinae
1355 1675 1458 1728 virg.
1484 1679 1527 1717 et
1547 1680 1670 1717 mart.
1702 1674 1864 1716 titulari

273 1745 359 1787 ind.
385 1744 497 1798 plen.
521 1746 682 1798 petenti
703 1770 755 1775 —
776 1744 819 1787 S.
844 1745 885 1787 S.
913 1745 1089 1799 benigne
1109 1747 1258 1787 annuit
1280 1760 1354 1799 pro
1374 1747 1511 1800 gratia

272 1816 291 1846 4
310 1811 398 1846 Feb.
421 1813 505 1846 1746
524 1835 527 1838 -
827 1823 832 1826 ·

1714 1925 1862 1958 Bullae.

350 2033 421 2077 22.
456 2032 506 2074 A.
539 2030 587 2075 F.
622 2032 671 2073 R.
697 2031 754 2073 M.
783 2038 836 2075 Ul
860 2035 988 2077 electi
1006 2036 1108 2086 sicle.
1134 2056 1158 2062 -
1194 2032 1298 2074 Ben.
1322 2030 1421 2073 XIV
1444 2033 1720 2074 missionariis
1755 2032 1795 2074 S.
1820 2032 1856 2075 I.

268 2103 310 2144 in
327 2102 597 2157 Martinicae‚
615 2103 910 2158 Guadalupae,
929 2104 999 2146 SS.
1020 2102 1326 2158 Christophori,
1340 2103 1550 2146 Dominici
1566 2109 1610 2146 et
1625 2103 1855 2158 Vincentii,

266 2173 493 2228 Caiennae,
517 2175 702 2217 dominio
724 2175 981 2218 Francorum
1003 2177 1113 2229 regis
1133 2175 1351 2228 subiectis,
1369 2190 1532 2218 necnon
1547 2175 1855 2230 Marigallensis

264 2247 414 2288 insulis
435 2247 631 2289 concedit
659 2247 906 2289 facultatem
927 2247 1199 2301 dispensandi
1228 2248 1272 2289 in
1292 2247 1546 2302 quibusdam
1568 2262 1764 2302 consang.
1788 2248 1854 2290 vel

264 2317 413 2360 affinit.
436 2319 636 2372 gradibus
658 2324 701 2360 et
720 2319 967 2361 absolvendi
988 2319 1287 2361 contrahentes
1327 2319 1391 2361 Ad
1412 2321 1465 2362 20
1486 2333 1632 2361 annos

260 2385 305 2420 R.
325 2397 383 2428 ap.
405 2385 442 2420 S.
463 2385 510 2420 M.
533 2387 580 2419 M.
605 2386 650 2420 1V
672 2386 758 2420 Maii
780 2389 864 2420 1746
883 2386 924 2420 P.
945 2397 1004 2419 an.
1026 2386 1085 2422 VI.

260 2494 359 2528 Bull.
381 2497 425 2529 de
439 2506 597 2539 propag.
617 2496 692 2536 fide
709 2496 779 2530 III.
799 2498 877 2530 281.

343 2612 415 2656 23.
450 2610 499 2652 A.
525 2610 572 2652 P.
597 2610 645 2652 R.
672 2610 730 2652 M.
757 2616 969 2654 Devotam
994 2613 1178 2654 maiori.
1203 2634 1229 2640 -
1258 2609 1362 2652 Ben.
1386 2608 1501 2663 XIV,
1526 2615 1697 2664 petente
1719 2610 1847 2652 Fran-

260 2682 370 2722 cisco
392 2681 541 2735 Praep.
565 2682 669 2724 Gen.
693 2681 736 2724 S.
760 2682 814 2734 L,
837 2681 1012 2735 abrogat
1041 2686 1247 2723 statutum
1269 2681 1362 2724 Inn.
1387 2680 1425 2722 X
1446 2681 1497 2723 de
1517 2681 1666 2735 Congr.
1691 2695 1845 2724 noven-

258 2752 344 2794 nali
373 2758 416 2794 et
444 2753 773 2795 celebrationem
797 2753 945 2807 Congr.
969 2766 1063 2807 gen.
1088 2752 1140 2794 ad
1162 2766 1352 2795 normam
1383 2754 1732 2795 constitutionum
1752 2767 1778 2795 a
1798 2753 1839 2795 S.

258 2824 422 2877 Ignatio
442 2825 667 2866 fundatore
688 2825 897 2866 editarum
922 2824 1099 2866 reducit.

256 2890 296 2923 R.
319 2902 375 2932 ap.
397 2890 432 2923 S.
451 2891 502 2925 M.
522 2890 571 2925 M.
594 2890 679 2926 XVI
697 2890 770 2925 kal.
794 2891 866 2925 lan.
889 2893 972 2924 1746
991 2890 1031 2924 P.
1052 2903 1110 2925 un.
1135 2891 1209 2927 VII.

258 2998 359 3031 Ball.
385 2999 486 3032 Rom.
507 3015 550 3022 ——-
567 2998 659 3032 Nor.
681 2999 770 3032 bull.
791 2999 824 3032 S.
846 2999 874 3033 J.
896 3002 971 3034 262.
