1989 3252
273 241 408 284 Alex.
429 239 535 284 VII.
942 262 993 268 -
1024 239 1105 279 374
1134 262 1188 268 -—
1731 240 1867 286 1660.

271 327 411 368 vocari
430 325 652 379 praecipit,
676 325 932 377 presbyteris
954 325 994 367 d.
1017 326 1059 368 S.
1085 330 1284 379 perpetuo
1321 325 1530 378 concedit,
1554 326 1648 367 iura
1680 325 1861 380 Praepo-

274 399 344 438 siti
365 397 583 438 Generalis
604 401 646 437 et
667 395 789 437 Card.
814 398 984 438 maioris
1006 397 1326 439 Poenitentiarii
1351 397 1621 449 determinat,
1646 402 1725 439 etc.

272 464 317 498 R.
336 475 393 507 ap.
415 464 450 498 S.
472 464 520 498 M.
543 464 591 497 M.
611 463 718 498 XXII
736 464 843 498 Febr.
866 466 950 499 1659
973 464 1013 498 Ρ.
1035 475 1093 497 an.
1113 465 1175 499 IV.

273 589 377 622 Ball.
398 589 503 624 Rom.
1604 588 1757 624 Elench.
1775 589 1865 625 bull.

354 723 425 765 48.
461 723 717 764 Sale-atores
748 725 801 762 N.
837 725 870 761 I.
911 725 951 762 C.
989 742 1015 747 —
1050 717 1172 758 Alex.
1216 716 1311 769 VII,
1350 717 1594 770 petentibus
1631 719 1864 760 rectoribus

273 792 370 833 coll.
395 791 589 833 Tolosan.
615 796 656 832 et
678 790 715 831 N
720 804 933 831 emausen.
959 789 998 830 S.
1031 789 1051 829 I
1077 823 1085 841 ,
1109 789 1282 830 mandat
1317 788 1487 830 officiali
1525 789 1780 832 Nemausen.
1820 796 1866 832 ut

270 864 502 916 prioratum
525 862 787 904 saecularem
817 867 1009 902 curatum
1040 859 1080 902 S.
1106 859 1165 901 M.
1191 860 1241 901 de
1271 859 1577 913 Maiemoules,
1603 861 1862 904 Nemausen.

274 935 426 988 dioec.,
451 948 475 975 a
496 933 693 976 Gabriele
715 934 765 974 de
786 932 968 974 Mirman
990 932 1130 985 presb.
1155 933 1196 972 in
1218 946 1414 985 supremo
1447 939 1595 974 senatu
1626 933 1863 975 Tholosano

273 1006 511 1048 consiliario
546 1005 836 1047 ecclesiastico
873 1005 1144 1057 resignatum,
1172 1004 1344 1057 praevia
1378 1004 1493 1045 illius
1529 1005 1644 1045 tituli
1677 1005 1864 1046 collativi

272 1091 391 1132 perp.
416 1078 714 1132 suppressione
736 1083 778 1118 et
799 1076 1073 1128 extinctione,
1097 1075 1137 1117 d.
1163 1075 1338 1128 collegio
1356 1074 1550 1117 Tolosan.
1573 1076 1707 1129 uniat,
1731 1076 1865 1118 illius-

273 1163 356 1204 que
390 1149 607 1191 fructuum
642 1150 712 1202 (24
748 1148 862 1201 duc.)
885 1161 1013 1188 unam
1044 1147 1117 1189 alt.
1152 1147 1366 1200 Tolosan.,
1399 1134 1579 1189 alteram
1615 1147 1865 1190 medietates

273 1221 315 1263 d.
351 1220 606 1262 Nemausen.
647 1220 833 1274 collegiis
868 1219 1069 1273 applicet,
1092 1232 1305 1273 unamque
1335 1220 1538 1260 vicariam
1568 1233 1688 1273 perp.
1712 1220 1861 1273 erigat.

273 1292 450 1335 Accedit
470 1306 699 1334 consensus
720 1292 936 1333 Anthemii
957 1291 1135 1333 Dionisii
1162 1291 1272 1332 mod.
1305 1292 1489 1345 episcopi
1518 1290 1776 1333 Nemausen.
1810 1291 1864 1333 ad

273 1378 399 1419 quem
420 1364 460 1407 d.
485 1365 614 1418 prior.
639 1364 809 1406 collatio
831 1368 1008 1418 spectat.

273 1431 317 1466 R.
336 1442 397 1475 ap.
416 1431 452 1466 S.
472 1431 523 1466 M.
542 1431 592 1467 M.
613 1442 665 1475 pr.
686 1430 759 1465 kal.
780 1431 874 1473 Aug.
898 1433 981 1465 1659
999 1430 1039 1464 Ρ.
1060 1441 1119 1463 an.
1139 1430 1183 1464 V.

911 1562 999 1605 Κεφ
1020 1562 1109 1595 buu.
1137 1561 1194 1595 VI.
1216 1563 1276 1595 161
1312 1561 1345 1594 b.
1366 1579 1409 1584 —
1425 1561 1549 1594 Fund.
1566 1572 1630 1602 pr.
1654 1561 1769 1595 Tolos.
1789 1566 1813 1595 t.
1834 1563 1865 1595 3.

357 1697 430 1741 49.
466 1702 699 1750 Reylmz'm·
730 1697 1010 1738 universales
1044 1696 1288 1737 Ecclesiae.
1324 1717 1350 1723 —
1389 1691 1512 1734 Alex.
1556 1691 1656 1746 VII,
1697 1696 1870 1746 petente

264 1765 439 1809 rectore
475 1766 572 1808 coll.
613 1765 653 1807 S.
690 1765 725 1808 I.
764 1779 860 1819 opp.
914 1765 1129 1806 Hallensis
1170 1763 1442 1806 Cameracen.
1496 1763 1650 1806 dioec..
1702 1763 1869 1806 officiali

275 1833 875 1893 archiepiscopi«Cameracen.
901 1837 1127 1878 committit
1157 1843 1203 1877 ut
1236 1836 1463 1877 ecclesiam
1498 1836 1786 1889 parochialem
1822 1836 1862 1878 d.

277 1911 376 1963 civ.,
400 1911 443 1951 in
463 1911 583 1951 cuius
605 1909 760 1950 sacello
783 1908 830 1950 Β.
855 1907 914 1949 Μ.
940 1907 990 1950 V.
1016 1907 1251 1961 presbyteri
1273 1906 1315 1949 d.
1340 1907 1435 1948 coll.
1474 1907 1711 1948 functiones
1745 1920 1867 1960 pera-

276 1986 393 2035 gunt,
418 1986 460 2023 et
481 1982 602 2022 cuius
623 1986 872 2034 personatus
894 1979 934 2021 d.
959 1979 1136 2032 collegio
1157 1979 1210 2020 ab
1228 1978 1332 2020 Urb.
1352 1977 1455 2019 VIII
1472 1979 1616 2019 unitus
1633 1979 1728 2031 fuit,
1746 1979 1866 2020 uniat

276 2058 496 2107 perpetuo,
509 2054 571 2094 ita
591 2057 637 2093 ut
653 2066 729 2105 per
744 2052 1037 2105 presbyterum
1054 2050 1315 2092 saecularem
1331 2049 1552 2091 Ordinario
1568 2050 1649 2091 loci
1667 2064 1693 2091 a
1708 2053 1866 2091 rectore

277 2124 627 2178 praesentandum
649 2125 794 2165 munia
814 2122 1045 2177 pastoralia
1067 2126 1361 2163 exerceantur.
1386 2121 1456 2162 Fr.
1479 2123 1548 2173 24,
1576 2135 1671 2163 011111
1698 2122 1868 2163 incertis

281 2199 358 2238 100
381 2197 475 2238 (1110.
500 2197 591 2237 auri
613 2196 665 2238 de
685 2209 869 2237 camera.

277 2264 319 2299 R.
338 2275 396 2306 ap.
418 2263 454 2297 S.
474 2263 522 2298 M.
544 2263 592 2297 M.
614 2262 688 2296 kal.
711 2263 790 2295 Oct.
810 2263 895 2296 1659
915 2261 955 2295 Ρ.
978 2272 1036 2294 an.
1058 2261 1099 2295 V.

280 2396 442 2428 Miraeus
459 2395 510 2429 II.
531 2405 562 2438 p.
586 2397 681 2429 1120.

361 2528 437 2571 50.
470 2527 520 2567 A.
562 2526 608 2566 F.
646 2525 695 2566 R.
735 2524 793 2565 M.
831 2532 937 2568 Ceam
957 2531 1072 2568 sicut
1093 2527 1298 2568 dilectus.
1323 2549 1349 2554 -
1382 2523 1501 2566 Alex.
1527 2523 1606 2566 VII
1636 2523 1784 2566 Ioanni
1814 2523 1865 2566 de

279 2597 455 2639 Olmedo
477 2597 583 2651 prof.
607 2595 648 2638 S.
674 2597 728 2649 I.,
758 2597 829 2650 qni
866 2596 1066 2637 facultate
1101 2597 1381 2649 superiorum,
1419 2597 1537 2638 iuxta
1574 2597 1705 2639 Breve
1739 2596 1862 2650 Greg.

277 2668 399 2721 XIII,
422 2671 475 2711 22
496 2669 587 2710 dec.
615 2670 736 2721 1582,
759 2669 927 2709 transiit
956 2668 1009 2709 ad
1040 2667 1139 2710 Ord.
1176 2668 1371 2709 Fratrum
1406 2668 1455 2710 B.
1495 2667 1552 2710 M.
1587 2668 1638 2710 de
1668 2668 1863 2711 Mercede

280 2741 484 2794 redempt.
510 2745 621 2794 capt.
645 2742 688 2781 111
709 2741 788 2782 civ,
814 2741 939 2782 Cuzci
960 2741 1004 2781 in
1024 2739 1156 2780 Indiis
1178 2739 1251 2781 sed
1271 2740 1324 2781 ad
1359 2741 1659 2793 professionem
1696 2740 1771 2794 ibi,
1810 2741 1862 2782 ob

278 2812 472 2853 habitum
493 2812 602 2853 alius
624 2812 713 2853 ord.
736 2816 964 2864 gestatum,
989 2812 1118 2864 recipi
1141 2812 1345 2865 nequivit,
1379 2811 1572 2852 concedit
1601 2817 1664 2865 ut,
1697 2813 1864 2854 animae

280 2884 408 2925 saluti
429 2883 673 2925 consulendi
693 2897 803 2936 ergo,
827 2884 869 2923 in
890 2882 930 2924 d.
956 2882 1111 2924 Ordine
1134 2883 1436 2936 professionem
1457 2884 1638 2925 emittat.

278 2950 323 2984 R.
344 2962 402 2993 ap.
423 2950 458 2986 S.
482 2951 530 2984 M.
550 2951 599 2986 M.
619 2951 668 2985 III
687 2950 794 2983 Febr.
817 2952 901 2984 1660
920 2949 960 2983 P.
981 2960 1041 2984 an.
1062 2950 1106 2984 V.

1496 3083 1582 3130 Rey.
1603 3084 1690 3120 bull.
1715 3084 1771 3120 VI.
1795 3088 1870 3121 164.
