1989 3189
254 204 395 250 Pauli
412 204 466 248 V.
933 229 988 236 —-
1016 205 1096 246 236
1125 229 1179 236 -
1709 211 1842 255 1606.

337 294 406 338 27.
437 290 477 333 S.
503 291 651 345 Congr.
676 306 743 346 ep.
767 296 810 335 et
828 306 914 346 reg.
939 292 1052 335 decr.
1078 307 1151 347 pro
1173 295 1382 337 erectione
1398 294 1509 337 dom.
1535 295 1654 349 prob.
1678 295 1718 339 S.
1737 297 1772 341 I.
1797 298 1840 339 in

255 364 333 405 civ.
358 362 597 405 Hadriensi.

255 432 275 465 8
292 429 380 464 Maii
401 431 498 465 1606.

1576 511 1730 546 Elench.
1751 511 1839 545 bull.

333 622 405 665 28.
439 623 696 663 Pastor-alis
717 624 853 675 officie·
873 635 1001 663 cura.
1033 644 1059 649 -
1094 618 1212 660 Paul.
1254 619 1306 670 V,
1343 625 1512 673 petente
1547 621 1839 664 Maximiliano

250 689 455 731 Bavariae
476 691 598 743 duce,
622 690 795 732 mandat
816 690 982 732 officiali
1012 690 1229 743 Eysteten.
1254 695 1300 732 ut
1330 705 1425 732 cum
1455 692 1674 734 academia
1703 692 1839 746 Ingol-

249 761 429 803 stadien.
454 763 574 803 uniat
609 763 911 804 monasterium
950 762 998 804 O.
1024 762 1064 804 S.
1090 763 1194 815 Aug.
1220 776 1312 804 can.
1347 777 1430 816 reg.
1458 765 1502 804 in
1533 764 1635 806 villa
1669 764 1839 806 Scham-

249 833 436 886 haupten
457 833 729 875 Ratisbonen.
755 833 887 876 dioec.
913 833 1174 875 derelictum.
1198 833 1268 876 Fr.
1293 837 1372 875 600
1394 834 1487 876 due.

248 899 293 933 R.
313 910 371 942 ap.
392 899 427 933 S.
449 900 488 933 P.
510 900 594 936 VHI
612 900 687 934 kal.
705 901 786 935 Iun.
807 903 891 936 1606
910 901 950 934 P.
971 911 1029 934 an.
1050 901 1093 935 II.

247 1000 417 1033 Annales
438 1000 750 1044 Inyolstadiensz's
767 1001 980 1035 academiae
998 1000 1061 1033 IV.
1082 1002 1180 1040 1782,
1201 1012 1233 1043 p.
1255 1003 1328 1036 177.

329 1111 401 1155 29.
435 1112 518 1153 Hz's
537 1125 654 1166 quae
676 1125 760 1166 pro
781 1113 920 1162 felici.
945 1135 970 1140 -
1000 1108 1121 1152 Paul.
1159 1109 1207 1162 V,
1240 1114 1410 1163 petente
1439 1109 1535 1152 nob.
1560 1110 1649 1152 viro
1680 1110 1836 1152 Ioanne

245 1181 296 1222 de
316 1180 511 1222 Guenara
535 1182 681 1223 Bovini
702 1181 824 1233 duce,
848 1182 921 1235 qui
942 1186 1036 1235 post
1062 1181 1287 1223 nonnullas
1307 1182 1527 1223 missiones
1547 1182 1836 1235 religiosorum

244 1251 284 1294 S.
309 1253 364 1304 1.,
388 1253 430 1293 in
452 1253 491 1294 d.
517 1253 688 1295 civitate
711 1253 931 1306 collegium
951 1267 1047 1294 cum
1076 1253 1256 1294 ecclesia
1286 1254 1498 1294 exstruxit
1526 1257 1569 1294 et
1598 1254 1642 1294 in
1671 1258 1836 1306 partem

244 1322 354 1364 dotis
374 1325 689 1377 responsionem
709 1325 834 1365 unius
865 1328 1040 1378 quartae
1071 1323 1271 1364 frumenti
1300 1324 1365 1364 vel
1395 1323 1511 1365 ordei
1540 1337 1615 1377 pro
1645 1323 1836 1377 qualibet

243 1408 415 1436 versura
431 1408 457 1436 a
471 1396 558 1436 suis
573 1395 765 1436 vassallis
781 1398 945 1436 seretur
960 1396 1003 1436 in
1018 1396 1153 1436 territ.
1166 1395 1246 1436 loci
1263 1394 1424 1436 Casalis
1441 1393 1718 1436 Castelluccio
1735 1394 1834 1437 delli

240 1466 362 1508 Sauri
382 1468 498 1520 regni
520 1467 791 1520 Neapolitani
812 1472 853 1509 et
873 1468 1112 1521 provinciae
1143 1467 1420 1520 Capitanatae
1441 1466 1682 1508 solvendam
1704 1468 1832 1520 assig-

240 1539 373 1590 navit,
397 1538 449 1579 ad
470 1552 678 1580 summam
701 1541 780 1579 200
802 1539 896 1580 duc.
922 1538 1235 1590 ascendentem,
1259 1551 1343 1579 non
1373 1543 1516 1579 tamen
1537 1537 1829 1590 sufficientem,

239 1634 264 1639 -
285 1610 511 1650 committit
534 1610 622 1651 Vic.
642 1623 736 1663 gen.
757 1610 957 1663 Archiep.
981 1609 1268 1651 Beneventani
1289 1615 1337 1650 ut
1356 1609 1516 1651 fructus
1537 1609 1707 1662 paroch.
1728 1610 1829 1652 eccl.

238 1680 279 1722 S.
303 1680 631 1734 Bartholomaei,
663 1681 742 1723 loci
773 1680 935 1722 Casalis
965 1681 1065 1722 delli
1095 1680 1216 1722 Greci
1237 1695 1361 1722 nunc.
1387 1681 1672 1722 Beneventan.
1697 1680 1827 1723 dioec.

239 1765 365 1806 quem
400 1752 547 1806 populi
583 1753 789 1795 Albanen.
815 1753 969 1806 partim
1005 1753 1136 1794 latino
1171 1753 1326 1806 partim
1360 1766 1509 1806 graeco
1530 1753 1614 1793 ritu
1643 1753 1830 1794 viventes

237 1823 447 1876 habitant,
471 1838 598 1878 quam
621 1825 774 1866 Anton.
801 1824 1040 1866 Bellocchio
1061 1829 1200 1866 rector
1220 1824 1399 1877 obtinet,
1419 1825 1608 1877 exceptis
1628 1825 1830 1877 pensione

237 1909 379 1936 annua
402 1897 478 1936 100
500 1895 593 1937 duc.
620 1895 736 1938 Hier.
761 1896 798 1937 N
803 1909 928 1937 overa
949 1895 1088 1950 presb.
1113 1895 1264 1937 Baren.
1288 1900 1516 1948 reservata,
1541 1899 1690 1949 quarta
1710 1899 1829 1949 parte

238 1966 530 2009 Maximiliano
552 1968 738 2021 archiep.
763 1967 1050 2009 Beneventan.
1074 1966 1216 2010 debita
1237 1972 1279 2008 et
1303 1969 1379 2008 100
1401 1967 1495 2008 duc.
1519 1981 1615 2008 cum
1639 1966 1746 2020 pede
1767 1966 1827 2007 al-

237 2039 337 2079 taris
358 2039 536 2093 aliisque
558 2040 730 2081 incertis
751 2053 826 2093 pro
847 2043 1025 2090 rectore,
1049 2038 1321 2080 dismembret
1341 2040 1439 2093 (210
1462 2038 1578 2091 duc.)
1600 2042 1644 2080 et
1663 2038 1702 2079 d.
1727 2038 1822 2080 coll.

235 2111 434 2162 assignet,
458 2111 559 2152 item
579 2111 739 2152 fructus
759 2111 913 2152 ruralis
930 2116 973 2151 et
990 2111 1079 2152 sine
1096 2123 1198 2151 cura
1212 2110 1314 2152 eccl.
1338 2110 1378 2152 S.
1398 2110 1558 2152 Mariae
1580 2109 1630 2151 de
1650 2109 1683 2150 F
1686 2123 1828 2151 errara

235 2183 279 2222 in
309 2181 433 2223 feudo
464 2181 626 2223 deserto
655 2182 716 2223 La
736 2181 928 2234 Ferrara,
962 2195 1089 2235 quam
1111 2182 1240 2223 Andr.
1275 2181 1388 2223 Titto
1420 2188 1555 2224 rector
1575 2181 1737 2223 obtinet
1755 2182 1824 2234 (20

235 2253 366 2306 duc).

234 2319 275 2353 R.
296 2332 353 2363 ap.
375 2319 411 2354 S.
433 2320 474 2354 P.
494 2320 543 2355 IV
562 2320 634 2354 kal.
653 2321 721 2355 Iul.
743 2321 783 2354 P.
803 2331 861 2355 an.
881 2320 926 2356 Π.

1415 2386 1504 2430 Rey.
1524 2386 1610 2419 buu.
1632 2385 1694 2419 IV.
1716 2388 1768 2420 40.
1789 2385 1822 2418 b.

313 2499 388 2542 30.
423 2502 759 2552 Circumspecla
793 2504 916 2540 Rom.
957 2499 1206 2551 pontificis.
1226 2522 1252 2527 —
1273 2496 1391 2538 Paul.
1415 2495 1448 2535 V
1471 2499 1640 2549 petente
1660 2499 1821 2536 rectore

230 2567 324 2608 coll.
346 2568 385 2609 S.
407 2567 441 2608 I.
461 2569 503 2608 in
521 2569 694 2609 civitate
716 2568 993 2619 Ruthenensi,
1016 2567 1192 2609 mandat
1208 2567 1377 2608 officiali
1394 2567 1631 2608 Ruthenen.
1657 2571 1703 2606 ut
1724 2581 1818 2607 cum

229 2638 269 2679 d.
294 2639 469 2691 collegio
490 2640 609 2680 uniat
629 2640 860 2692 prioratum
883 2639 925 2680 S.
951 2639 1102 2680 Felicis
1124 2653 1252 2693 prope
1281 2638 1521 2679 Ruthenam
1552 2651 1675 2679 nunc.
1701 2637 1748 2679 O.
1773 2636 1812 2678 S.

227 2707 315 2750 Ben
366 2710 604 2751 Ruthenen.
638 2710 770 2752 dioec.
806 2725 831 2751 a
861 2710 1045 2752 Gerardo
1073 2709 1268 2751 Courtelo
1290 2713 1427 2763 priore
1448 2710 1706 2762 resignatum
1729 2708 1813 2762 (Fr.

227 2783 307 2822 270
330 2781 409 2822 duc
436 2790 460 2829 ).

228 2847 269 2880 R.
290 2859 347 2889 ap.
369 2847 403 2881 S.
427 2848 476 2880 Μ.
498 2847 1007 2883 V1511.111l.1606P.an.11.

1457 2913 1545 2955 Req.
1567 2911 1654 2946 bun.
1675 2911 1698 2944 I
1709 2911 1742 2946 V.
1763 2916 1815 2947 44.
