<?xml version="1.0" encoding="UTF-8"?>
<!DOCTYPE html PUBLIC "-//W3C//DTD XHTML 1.0 Transitional//EN"
    "http://www.w3.org/TR/xhtml1/DTD/xhtml1-transitional.dtd">
<html xmlns="http://www.w3.org/1999/xhtml" xml:lang="en" lang="en">
 <head>
  <title>
</title>
<meta http-equiv="Content-Type" content="text/html;charset=utf-8" />
  <meta name='ocr-system' content='tesseract 3.04.00' />
  <meta name='ocr-capabilities' content='ocr_page ocr_carea ocr_par ocr_line ocrx_word'/>
</head>
<body>
  <div class='ocr_page' id='page_1' title='image "./synopsisactorums02delp_0137.png"; bbox 0 0 1989 3252; ppageno 0'>
   <div class='ocr_carea' id='block_1_1' title="bbox 85 157 1664 203">
    <p class='ocr_par' dir='ltr' id='par_1_1' title="bbox 85 157 1664 203">
     <span class='ocr_line' id='line_1_1' title="bbox 85 157 1664 203; baseline 0.001 -1"><span class='ocrx_word' id='word_1_1' title='bbox 85 159 261 202; x_wconf 84' lang='lat' dir='ltr'>Urban.</span> <span class='ocrx_word' id='word_1_2' title='bbox 285 157 418 201; x_wconf 85' lang='lat' dir='ltr'>VIII.</span> <span class='ocrx_word' id='word_1_3' title='bbox 755 180 810 186; x_wconf 94' lang='lat'><strong>—</strong></span> <span class='ocrx_word' id='word_1_4' title='bbox 837 157 914 196; x_wconf 87' lang='lat'>351</span> <span class='ocrx_word' id='word_1_5' title='bbox 946 180 1000 186; x_wconf 94' lang='lat'>—</span> <span class='ocrx_word' id='word_1_6' title='bbox 1533 160 1664 203; x_wconf 81' lang='lat'><strong>1644.</strong></span> 
     </span>
    </p>
   </div>
   <div class='ocr_carea' id='block_1_2' title="bbox 166 242 1662 297">
    <p class='ocr_par' dir='ltr' id='par_1_2' title="bbox 166 242 1662 297">
     <span class='ocr_line' id='line_1_2' title="bbox 166 242 1662 297; baseline -0.001 -8"><span class='ocrx_word' id='word_1_7' title='bbox 166 246 263 289; x_wconf 81' lang='lat'><strong>199.</strong></span> <span class='ocrx_word' id='word_1_8' title='bbox 296 242 443 296; x_wconf 90' lang='lat' dir='ltr'>Congr.</span> <span class='ocrx_word' id='word_1_9' title='bbox 480 257 576 296; x_wconf 88' lang='lat' dir='ltr'>gen.</span> <span class='ocrx_word' id='word_1_10' title='bbox 615 243 656 286; x_wconf 89' lang='lat' dir='ltr'>S.</span> <span class='ocrx_word' id='word_1_11' title='bbox 695 242 855 297; x_wconf 90' lang='lat' dir='ltr'>Inquis.</span> <span class='ocrx_word' id='word_1_12' title='bbox 893 268 919 274; x_wconf 90' lang='lat'>—</span> <span class='ocrx_word' id='word_1_13' title='bbox 952 243 1091 286; x_wconf 87' lang='lat' dir='ltr'>Liber.</span> <span class='ocrx_word' id='word_1_14' title='bbox 1134 243 1264 286; x_wconf 91' lang='lat' dir='ltr'>Mich.</span> <span class='ocrx_word' id='word_1_15' title='bbox 1302 244 1512 286; x_wconf 89' lang='lat' dir='ltr'>Rabardei</span> <span class='ocrx_word' id='word_1_16' title='bbox 1546 245 1588 287; x_wconf 91' lang='lat' dir='ltr'><strong>S.</strong></span> <span class='ocrx_word' id='word_1_17' title='bbox 1627 246 1662 289; x_wconf 94' lang='grc' dir='ltr'>Ι.</span> 
     </span>
    </p>
   </div>
   <div class='ocr_carea' id='block_1_3' title="bbox 85 315 1662 372">
    <p class='ocr_par' dir='ltr' id='par_1_3' title="bbox 85 315 1662 372">
     <span class='ocr_line' id='line_1_3' title="bbox 85 315 1662 372; baseline 0.003 -16"><span class='ocrx_word' id='word_1_18' title='bbox 85 315 300 356; x_wconf 85' lang='lat' dir='ltr'>Aurelian.</span> <span class='ocrx_word' id='word_1_19' title='bbox 324 321 511 370; x_wconf 70' lang='lat' dir='ltr'>Optatus</span> <span class='ocrx_word' id='word_1_20' title='bbox 536 318 694 358; x_wconf 72' lang='lat' dir='ltr'>Gallus</span> <span class='ocrx_word' id='word_1_21' title='bbox 714 318 769 358; x_wconf 79' lang='lat' dir='ltr'>de</span> <span class='ocrx_word' id='word_1_22' title='bbox 788 330 884 358; x_wconf 65' lang='lat' dir='ltr'>Cal).</span> <span class='ocrx_word' id='word_1_23' title='bbox 906 319 1090 358; x_wconf 57' lang='lat' dir='ltr'>schism.</span> <span class='ocrx_word' id='word_1_24' title='bbox 1121 319 1320 372; x_wconf 64' lang='lat' dir='ltr'>&amp;empna</span> <span class='ocrx_word' id='word_1_25' title='bbox 1340 332 1481 360; x_wconf 74' lang='lat' dir='ltr'>manu</span> <span class='ocrx_word' id='word_1_26' title='bbox 1500 323 1662 369; x_wconf 75' lang='lat' dir='ltr'>sectus,</span> 
     </span>
    </p>
   </div>
   <div class='ocr_carea' id='block_1_4' title="bbox 85 385 1111 486">
    <p class='ocr_par' dir='ltr' id='par_1_4' title="bbox 85 385 1111 486">
     <span class='ocr_line' id='line_1_4' title="bbox 85 385 1111 438; baseline 0 -12"><span class='ocrx_word' id='word_1_27' title='bbox 85 385 308 426; x_wconf 86' lang='lat' dir='ltr'>damnatur</span> <span class='ocrx_word' id='word_1_28' title='bbox 329 388 532 438; x_wconf 80' lang='lat' dir='ltr'><strong>tanquam</strong></span> <span class='ocrx_word' id='word_1_29' title='bbox 553 385 697 426; x_wconf 84' lang='lat' dir='ltr'>favens</span> <span class='ocrx_word' id='word_1_30' title='bbox 718 385 856 438; x_wconf 89' lang='lat' dir='ltr'>potius</span> <span class='ocrx_word' id='word_1_31' title='bbox 877 385 1111 427; x_wconf 79' lang='lat' dir='ltr'>schismati.</span> 
     </span>
     <span class='ocr_line' id='line_1_5' title="bbox 87 452 366 486; baseline -0.007 0"><span class='ocrx_word' id='word_1_32' title='bbox 87 454 127 486; x_wconf 85' lang='lat'>19</span> <span class='ocrx_word' id='word_1_33' title='bbox 145 452 249 485; x_wconf 87' lang='lat' dir='ltr'>Mart.</span> <span class='ocrx_word' id='word_1_34' title='bbox 271 452 366 485; x_wconf 82' lang='lat'><strong>1643.</strong></span> 
     </span>
    </p>
   </div>
   <div class='ocr_carea' id='block_1_5' title="bbox 84 559 967 600">
    <p class='ocr_par' dir='ltr' id='par_1_5' title="bbox 84 559 967 600">
     <span class='ocr_line' id='line_1_6' title="bbox 84 559 967 600; baseline 0 -6"><span class='ocrx_word' id='word_1_35' title='bbox 84 561 185 594; x_wconf 77' lang='lat' dir='ltr'>Arm.</span> <span class='ocrx_word' id='word_1_36' title='bbox 203 562 246 592; x_wconf 80' lang='lat' dir='ltr'>de</span> <span class='ocrx_word' id='word_1_37' title='bbox 263 559 300 592; x_wconf 83' lang='lat' dir='ltr'>la</span> <span class='ocrx_word' id='word_1_38' title='bbox 319 559 354 593; x_wconf 88' lang='lat' dir='ltr'>S.</span> <span class='ocrx_word' id='word_1_39' title='bbox 373 560 437 593; x_wconf 85' lang='lat' dir='ltr'>des</span> <span class='ocrx_word' id='word_1_40' title='bbox 453 562 598 593; x_wconf 76' lang='lat' dir='ltr'>soi-dis.</span> <span class='ocrx_word' id='word_1_41' title='bbox 617 559 781 600; x_wconf 79' lang='lat' dir='ltr'>Ie&#39;suites,</span> <span class='ocrx_word' id='word_1_42' title='bbox 799 559 871 594; x_wconf 89' lang='lat' dir='ltr'>III.</span> <span class='ocrx_word' id='word_1_43' title='bbox 891 562 967 594; x_wconf 84' lang='lat'><strong>797.</strong></span> 
     </span>
    </p>
   </div>
   <div class='ocr_carea' id='block_1_6' title="bbox 85 668 1664 937">
    <p class='ocr_par' dir='ltr' id='par_1_6' title="bbox 85 668 1664 937">
     <span class='ocr_line' id='line_1_7' title="bbox 168 668 1661 725; baseline -0.001 -11"><span class='ocrx_word' id='word_1_44' title='bbox 168 671 271 714; x_wconf 78' lang='lat'><strong>200.</strong></span> <span class='ocrx_word' id='word_1_45' title='bbox 304 675 461 725; x_wconf 75' lang='lat' dir='ltr'>Nuper</span> <span class='ocrx_word' id='word_1_46' title='bbox 473 683 563 724; x_wconf 77' lang='lat' dir='ltr'>pro</span> <span class='ocrx_word' id='word_1_47' title='bbox 576 675 729 725; x_wconf 71' lang='lat' dir='ltr'>parte.</span> <span class='ocrx_word' id='word_1_48' title='bbox 753 693 779 698; x_wconf 84' lang='lat'>-</span> <span class='ocrx_word' id='word_1_49' title='bbox 804 668 958 710; x_wconf 87' lang='lat' dir='ltr'>Urban.</span> <span class='ocrx_word' id='word_1_50' title='bbox 982 668 1102 722; x_wconf 87' lang='lat' dir='ltr'>VIII,</span> <span class='ocrx_word' id='word_1_51' title='bbox 1125 670 1366 723; x_wconf 86' lang='lat' dir='ltr'>petentibus</span> <span class='ocrx_word' id='word_1_52' title='bbox 1386 675 1547 713; x_wconf 84' lang='lat' dir='ltr'>rectore</span> <span class='ocrx_word' id='word_1_53' title='bbox 1568 670 1661 712; x_wconf 93' lang='lat' dir='ltr'>coll.</span> 
     </span>
     <span class='ocr_line' id='line_1_8' title="bbox 86 739 1664 794; baseline 0.001 -12"><span class='ocrx_word' id='word_1_54' title='bbox 86 739 128 782; x_wconf 91' lang='lat' dir='ltr'><strong>S.</strong></span> <span class='ocrx_word' id='word_1_55' title='bbox 151 740 186 780; x_wconf 91' lang='grc'>1.</span> <span class='ocrx_word' id='word_1_56' title='bbox 211 745 252 781; x_wconf 88' lang='lat' dir='ltr'>et</span> <span class='ocrx_word' id='word_1_57' title='bbox 272 739 458 792; x_wconf 89' lang='lat' dir='ltr'>capitulo</span> <span class='ocrx_word' id='word_1_58' title='bbox 480 744 522 780; x_wconf 88' lang='lat' dir='ltr'>et</span> <span class='ocrx_word' id='word_1_59' title='bbox 542 740 754 781; x_wconf 88' lang='lat' dir='ltr'>canonicis</span> <span class='ocrx_word' id='word_1_60' title='bbox 776 754 885 782; x_wconf 86' lang='lat' dir='ltr'>saec.</span> <span class='ocrx_word' id='word_1_61' title='bbox 906 745 948 781; x_wconf 85' lang='lat' dir='ltr'>et</span> <span class='ocrx_word' id='word_1_62' title='bbox 963 741 1210 794; x_wconf 78' lang='lat' dir='ltr'>collegiatae</span> <span class='ocrx_word' id='word_1_63' title='bbox 1233 742 1332 783; x_wconf 88' lang='lat' dir='ltr'>eccl.</span> <span class='ocrx_word' id='word_1_64' title='bbox 1353 741 1394 783; x_wconf 94' lang='lat' dir='ltr'><strong>S.</strong></span> <span class='ocrx_word' id='word_1_65' title='bbox 1414 741 1472 784; x_wconf 93' lang='lat' dir='ltr'>M.</span> <span class='ocrx_word' id='word_1_66' title='bbox 1493 741 1664 783; x_wconf 89' lang='lat' dir='ltr'>Maioris</span> 
     </span>
     <span class='ocr_line' id='line_1_9' title="bbox 85 809 1663 867; baseline 0.001 -14"><span class='ocrx_word' id='word_1_67' title='bbox 85 811 235 852; x_wconf 86' lang='lat' dir='ltr'>casalis</span> <span class='ocrx_word' id='word_1_68' title='bbox 283 824 408 851; x_wconf 88' lang='lat' dir='ltr'>nunc.</span> <span class='ocrx_word' id='word_1_69' title='bbox 461 809 667 863; x_wconf 87' lang='lat' dir='ltr'>Capuan.‚</span> <span class='ocrx_word' id='word_1_70' title='bbox 714 811 886 852; x_wconf 87' lang='lat' dir='ltr'>mandat</span> <span class='ocrx_word' id='word_1_71' title='bbox 927 811 1241 865; x_wconf 83' lang='lat' dir='ltr'>archiepiscopo</span> <span class='ocrx_word' id='word_1_72' title='bbox 1291 826 1364 854; x_wconf 90' lang='lat' dir='ltr'>seu</span> <span class='ocrx_word' id='word_1_73' title='bbox 1405 813 1663 867; x_wconf 87' lang='lat' dir='ltr'>archipresb.</span> 
     </span>
     <span class='ocr_line' id='line_1_10' title="bbox 86 880 1662 937; baseline 0.001 -13"><span class='ocrx_word' id='word_1_74' title='bbox 86 882 312 935; x_wconf 86' lang='lat' dir='ltr'>(Capuan.)</span> <span class='ocrx_word' id='word_1_75' title='bbox 340 886 388 922; x_wconf 87' lang='lat' dir='ltr'>ut</span> <span class='ocrx_word' id='word_1_76' title='bbox 417 880 664 922; x_wconf 88' lang='lat' dir='ltr'>confirment</span> <span class='ocrx_word' id='word_1_77' title='bbox 684 884 1053 923; x_wconf 86' lang='lat' dir='ltr'>commutationem</span> <span class='ocrx_word' id='word_1_78' title='bbox 1074 882 1350 936; x_wconf 89' lang='lat' dir='ltr'>quorumdam</span> <span class='ocrx_word' id='word_1_79' title='bbox 1372 888 1508 925; x_wconf 86' lang='lat' dir='ltr'>terrae</span> <span class='ocrx_word' id='word_1_80' title='bbox 1530 885 1662 937; x_wconf 85' lang='lat' dir='ltr'>petio-</span> 
     </span>
    </p>
   </div>
   <div class='ocr_carea' id='block_1_7' title="bbox 83 952 1661 1063">
    <p class='ocr_par' dir='ltr' id='par_1_7' title="bbox 83 952 1661 1063">
     <span class='ocr_line' id='line_1_11' title="bbox 85 952 1661 1006; baseline 0.002 -14"><span class='ocrx_word' id='word_1_81' title='bbox 85 966 179 993; x_wconf 91' lang='lat' dir='ltr'>rum</span> <span class='ocrx_word' id='word_1_82' title='bbox 212 952 265 993; x_wconf 91' lang='lat' dir='ltr'>ad</span> <span class='ocrx_word' id='word_1_83' title='bbox 299 952 477 992; x_wconf 87' lang='lat' dir='ltr'>invicem</span> <span class='ocrx_word' id='word_1_84' title='bbox 508 953 620 993; x_wconf 85' lang='lat' dir='ltr'>inter</span> <span class='ocrx_word' id='word_1_85' title='bbox 654 958 856 1005; x_wconf 86' lang='lat' dir='ltr'>oratores,</span> <span class='ocrx_word' id='word_1_86' title='bbox 887 953 1039 994; x_wconf 84' lang='lat' dir='ltr'>valoris</span> <span class='ocrx_word' id='word_1_87' title='bbox 1078 953 1299 1006; x_wconf 64' lang='lat' dir='ltr'>l7O,redd&gt;</span> <span class='ocrx_word' id='word_1_88' title='bbox 1323 955 1453 995; x_wconf 88' lang='lat' dir='ltr'>annui</span> <span class='ocrx_word' id='word_1_89' title='bbox 1485 955 1531 995; x_wconf 91' lang='lat' dir='ltr'>ll</span> <span class='ocrx_word' id='word_1_90' title='bbox 1565 955 1661 996; x_wconf 91' lang='lat' dir='ltr'>duc.</span> 
     </span>
     <span class='ocr_line' id='line_1_12' title="bbox 83 1018 897 1063; baseline 0.002 -11"><span class='ocrx_word' id='word_1_91' title='bbox 83 1018 128 1063; x_wconf 77' lang='lat' dir='ltr'>B..</span> <span class='ocrx_word' id='word_1_92' title='bbox 148 1029 206 1060; x_wconf 86' lang='lat' dir='ltr'>ap.</span> <span class='ocrx_word' id='word_1_93' title='bbox 227 1018 263 1053; x_wconf 91' lang='lat' dir='ltr'>S.</span> <span class='ocrx_word' id='word_1_94' title='bbox 284 1018 323 1052; x_wconf 89' lang='lat' dir='ltr'>P.</span> <span class='ocrx_word' id='word_1_95' title='bbox 343 1018 429 1053; x_wconf 87' lang='lat' dir='ltr'>XlIl</span> <span class='ocrx_word' id='word_1_96' title='bbox 448 1021 533 1061; x_wconf 84' lang='lat' dir='ltr'>Apr.</span> <span class='ocrx_word' id='word_1_97' title='bbox 558 1021 640 1053; x_wconf 83' lang='lat'>1644</span> <span class='ocrx_word' id='word_1_98' title='bbox 659 1019 700 1053; x_wconf 88' lang='lat' dir='ltr'>P.</span> <span class='ocrx_word' id='word_1_99' title='bbox 718 1030 777 1053; x_wconf 86' lang='lat' dir='ltr'>an.</span> <span class='ocrx_word' id='word_1_100' title='bbox 797 1019 897 1054; x_wconf 88' lang='lat' dir='ltr'><strong>XXI.</strong></span> 
     </span>
    </p>
   </div>
   <div class='ocr_carea' id='block_1_8' title="bbox 1266 1130 1664 1173">
    <p class='ocr_par' dir='ltr' id='par_1_8' title="bbox 1266 1130 1664 1173">
     <span class='ocr_line' id='line_1_13' title="bbox 1266 1130 1664 1173; baseline -0.003 -9"><span class='ocrx_word' id='word_1_101' title='bbox 1266 1130 1353 1173; x_wconf 70' lang='lat' dir='ltr'>Rey.</span> <span class='ocrx_word' id='word_1_102' title='bbox 1375 1131 1462 1164; x_wconf 73' lang='lat' dir='ltr'>buu.</span> <span class='ocrx_word' id='word_1_103' title='bbox 1492 1130 1552 1164; x_wconf 90' lang='lat' dir='ltr'>VI.</span> <span class='ocrx_word' id='word_1_104' title='bbox 1571 1133 1612 1166; x_wconf 85' lang='grc'>86</span> <span class='ocrx_word' id='word_1_105' title='bbox 1630 1131 1664 1164; x_wconf 90' lang='lat' dir='ltr'>b.</span> 
     </span>
    </p>
   </div>
   <div class='ocr_carea' id='block_1_9' title="bbox 86 1237 1668 1718">
    <p class='ocr_par' dir='ltr' id='par_1_9' title="bbox 86 1237 1668 1718">
     <span class='ocr_line' id='line_1_14' title="bbox 169 1237 1664 1294; baseline -0.002 -11"><span class='ocrx_word' id='word_1_106' title='bbox 169 1239 266 1283; x_wconf 78' lang='lat'><strong>201.</strong></span> <span class='ocrx_word' id='word_1_107' title='bbox 300 1244 484 1294; x_wconf 75' lang='lat' dir='ltr'>Eoepom·</span> <span class='ocrx_word' id='word_1_108' title='bbox 519 1253 683 1294; x_wconf 67' lang='lat' dir='ltr'>nuper.</span> <span class='ocrx_word' id='word_1_109' title='bbox 707 1262 732 1269; x_wconf 92' lang='lat'>-</span> <span class='ocrx_word' id='word_1_110' title='bbox 762 1237 924 1279; x_wconf 86' lang='lat' dir='ltr'>Urbani</span> <span class='ocrx_word' id='word_1_111' title='bbox 946 1237 1048 1279; x_wconf 91' lang='lat' dir='ltr'>VIII</span> <span class='ocrx_word' id='word_1_112' title='bbox 1079 1238 1204 1279; x_wconf 85' lang='lat' dir='ltr'>breve</span> <span class='ocrx_word' id='word_1_113' title='bbox 1238 1238 1285 1279; x_wconf 90' lang='lat' dir='ltr'>P.</span> <span class='ocrx_word' id='word_1_114' title='bbox 1309 1237 1507 1280; x_wconf 86' lang='lat' dir='ltr'>Michaeli</span> <span class='ocrx_word' id='word_1_115' title='bbox 1541 1238 1664 1280; x_wconf 82' lang='lat' dir='ltr'>Colu-</span> 
     </span>
     <span class='ocr_line' id='line_1_15' title="bbox 86 1308 1665 1363; baseline 0.001 -13"><span class='ocrx_word' id='word_1_116' title='bbox 86 1322 228 1350; x_wconf 85' lang='lat' dir='ltr'>merae</span> <span class='ocrx_word' id='word_1_117' title='bbox 248 1309 355 1362; x_wconf 78' lang='lat' dir='ltr'>prof.</span> <span class='ocrx_word' id='word_1_118' title='bbox 379 1308 420 1351; x_wconf 89' lang='lat' dir='ltr'>S.</span> <span class='ocrx_word' id='word_1_119' title='bbox 444 1309 478 1350; x_wconf 90' lang='lat' dir='ltr'>I.</span> <span class='ocrx_word' id='word_1_120' title='bbox 504 1322 584 1362; x_wconf 91' lang='lat' dir='ltr'>quo</span> <span class='ocrx_word' id='word_1_121' title='bbox 620 1310 879 1362; x_wconf 75' lang='lat' dir='ltr'>permittitur</span> <span class='ocrx_word' id='word_1_122' title='bbox 899 1310 975 1360; x_wconf 86' lang='lat' dir='ltr'>illi,</span> <span class='ocrx_word' id='word_1_123' title='bbox 999 1311 1184 1351; x_wconf 86' lang='lat' dir='ltr'>instante</span> <span class='ocrx_word' id='word_1_124' title='bbox 1213 1310 1363 1363; x_wconf 91' lang='lat' dir='ltr'>Praep.</span> <span class='ocrx_word' id='word_1_125' title='bbox 1387 1309 1513 1363; x_wconf 86' lang='lat' dir='ltr'>Gen.‚</span> <span class='ocrx_word' id='word_1_126' title='bbox 1536 1315 1582 1350; x_wconf 86' lang='lat' dir='ltr'>ut</span> <span class='ocrx_word' id='word_1_127' title='bbox 1611 1310 1665 1351; x_wconf 91' lang='lat' dir='ltr'>ad</span> 
     </span>
     <span class='ocr_line' id='line_1_16' title="bbox 87 1380 1664 1436; baseline 0.002 -16"><span class='ocrx_word' id='word_1_128' title='bbox 87 1380 419 1421; x_wconf 87' lang='lat' dir='ltr'>subveniendum</span> <span class='ocrx_word' id='word_1_129' title='bbox 468 1382 643 1433; x_wconf 85' lang='lat' dir='ltr'>egestati</span> <span class='ocrx_word' id='word_1_130' title='bbox 690 1382 902 1433; x_wconf 84' lang='lat' dir='ltr'>genitricis</span> <span class='ocrx_word' id='word_1_131' title='bbox 942 1381 1092 1422; x_wconf 85' lang='lat' dir='ltr'>viduae</span> <span class='ocrx_word' id='word_1_132' title='bbox 1132 1386 1175 1423; x_wconf 90' lang='lat' dir='ltr'>et</span> <span class='ocrx_word' id='word_1_133' title='bbox 1214 1395 1402 1422; x_wconf 87' lang='lat' dir='ltr'>sororum</span> <span class='ocrx_word' id='word_1_134' title='bbox 1438 1381 1664 1436; x_wconf 88' lang='lat' dir='ltr'>nubilium,</span> 
     </span>
     <span class='ocr_line' id='line_1_17' title="bbox 87 1450 1668 1505; baseline 0 -13"><span class='ocrx_word' id='word_1_135' title='bbox 87 1464 294 1492; x_wconf 89' lang='lat' dir='ltr'>summam</span> <span class='ocrx_word' id='word_1_136' title='bbox 325 1464 381 1492; x_wconf 91' lang='lat' dir='ltr'>sc.</span> <span class='ocrx_word' id='word_1_137' title='bbox 406 1454 486 1492; x_wconf 87' lang='lat'>500</span> <span class='ocrx_word' id='word_1_138' title='bbox 517 1464 628 1492; x_wconf 88' lang='lat' dir='ltr'>mon.</span> <span class='ocrx_word' id='word_1_139' title='bbox 653 1465 753 1492; x_wconf 91' lang='lat' dir='ltr'>rom.</span> <span class='ocrx_word' id='word_1_140' title='bbox 780 1453 996 1505; x_wconf 86' lang='lat' dir='ltr'>acquirere</span> <span class='ocrx_word' id='word_1_141' title='bbox 1033 1453 1178 1505; x_wconf 87' lang='lat' dir='ltr'>possit.</span> <span class='ocrx_word' id='word_1_142' title='bbox 1201 1450 1319 1500; x_wconf 83' lang='lat' dir='ltr'>Quod</span> <span class='ocrx_word' id='word_1_143' title='bbox 1355 1452 1389 1492; x_wconf 91' lang='lat' dir='ltr'>si</span> <span class='ocrx_word' id='word_1_144' title='bbox 1424 1452 1535 1492; x_wconf 88' lang='lat' dir='ltr'>intra</span> <span class='ocrx_word' id='word_1_145' title='bbox 1556 1455 1580 1493; x_wconf 87' lang='lat'>5</span> <span class='ocrx_word' id='word_1_146' title='bbox 1602 1451 1668 1493; x_wconf 86' lang='lat' dir='ltr'>vel</span> 
     </span>
     <span class='ocr_line' id='line_1_18' title="bbox 87 1523 1664 1577; baseline 0.001 -14"><span class='ocrx_word' id='word_1_147' title='bbox 87 1525 110 1563; x_wconf 89' lang='lat'>6</span> <span class='ocrx_word' id='word_1_148' title='bbox 150 1524 356 1564; x_wconf 86' lang='lat' dir='ltr'>mensium</span> <span class='ocrx_word' id='word_1_149' title='bbox 396 1524 582 1576; x_wconf 89' lang='lat' dir='ltr'>spatium</span> <span class='ocrx_word' id='word_1_150' title='bbox 621 1523 809 1565; x_wconf 87' lang='lat' dir='ltr'>redditus</span> <span class='ocrx_word' id='word_1_151' title='bbox 849 1524 1089 1564; x_wconf 90' lang='lat' dir='ltr'>huiusmodi</span> <span class='ocrx_word' id='word_1_152' title='bbox 1120 1524 1317 1577; x_wconf 87' lang='lat' dir='ltr'>consequi</span> <span class='ocrx_word' id='word_1_153' title='bbox 1352 1537 1434 1564; x_wconf 89' lang='lat' dir='ltr'>non</span> <span class='ocrx_word' id='word_1_154' title='bbox 1464 1525 1664 1577; x_wconf 89' lang='lat' dir='ltr'>potuerit,</span> 
     </span>
     <span class='ocr_line' id='line_1_19' title="bbox 87 1593 1668 1647; baseline 0.001 -13"><span class='ocrx_word' id='word_1_155' title='bbox 87 1597 187 1635; x_wconf 83' lang='lat' dir='ltr'>tunc</span> <span class='ocrx_word' id='word_1_156' title='bbox 208 1598 330 1635; x_wconf 86' lang='lat' dir='ltr'>extra</span> <span class='ocrx_word' id='word_1_157' title='bbox 362 1593 507 1635; x_wconf 89' lang='lat' dir='ltr'>domos</span> <span class='ocrx_word' id='word_1_158' title='bbox 542 1594 754 1647; x_wconf 84' lang='lat' dir='ltr'>regulares</span> <span class='ocrx_word' id='word_1_159' title='bbox 775 1594 816 1636; x_wconf 88' lang='lat' dir='ltr'>S.</span> <span class='ocrx_word' id='word_1_160' title='bbox 843 1594 878 1636; x_wconf 90' lang='lat' dir='ltr'>I.</span> <span class='ocrx_word' id='word_1_161' title='bbox 903 1595 1050 1635; x_wconf 87' lang='lat' dir='ltr'>habitu</span> <span class='ocrx_word' id='word_1_162' title='bbox 1084 1599 1228 1636; x_wconf 90' lang='lat' dir='ltr'>tamen</span> <span class='ocrx_word' id='word_1_163' title='bbox 1249 1599 1428 1646; x_wconf 84' lang='lat' dir='ltr'>retento,</span> <span class='ocrx_word' id='word_1_164' title='bbox 1452 1594 1603 1647; x_wconf 84' lang='lat' dir='ltr'>degere</span> <span class='ocrx_word' id='word_1_165' title='bbox 1625 1600 1668 1635; x_wconf 85' lang='lat' dir='ltr'>et</span> 
     </span>
     <span class='ocr_line' id='line_1_20' title="bbox 87 1663 1668 1718; baseline 0 -12"><span class='ocrx_word' id='word_1_166' title='bbox 87 1670 330 1718; x_wconf 87' lang='lat' dir='ltr'>pernoctare</span> <span class='ocrx_word' id='word_1_167' title='bbox 368 1665 610 1706; x_wconf 83' lang='lat' dir='ltr'>conceditur</span> <span class='ocrx_word' id='word_1_168' title='bbox 651 1671 697 1705; x_wconf 86' lang='lat' dir='ltr'>ut</span> <span class='ocrx_word' id='word_1_169' title='bbox 735 1678 788 1705; x_wconf 83' lang='lat' dir='ltr'>ex</span> <span class='ocrx_word' id='word_1_170' title='bbox 829 1663 1035 1706; x_wconf 88' lang='lat' dir='ltr'>industria</span> <span class='ocrx_word' id='word_1_171' title='bbox 1075 1664 1394 1706; x_wconf 85' lang='lat' dir='ltr'>necessitatibus</span> <span class='ocrx_word' id='word_1_172' title='bbox 1441 1666 1585 1706; x_wconf 89' lang='lat' dir='ltr'>matris</span> <span class='ocrx_word' id='word_1_173' title='bbox 1625 1670 1668 1706; x_wconf 86' lang='lat' dir='ltr'>et</span> 
     </span>
    </p>
   </div>
   <div class='ocr_carea' id='block_1_10' title="bbox 86 1735 531 1836">
    <p class='ocr_par' dir='ltr' id='par_1_10' title="bbox 86 1735 531 1836">
     <span class='ocr_line' id='line_1_21' title="bbox 87 1735 531 1777; baseline 0.002 -1"><span class='ocrx_word' id='word_1_174' title='bbox 87 1748 275 1776; x_wconf 90' lang='lat' dir='ltr'>sororum</span> <span class='ocrx_word' id='word_1_175' title='bbox 297 1735 531 1777; x_wconf 87' lang='lat' dir='ltr'>subveniat.</span> 
     </span>
     <span class='ocr_line' id='line_1_22' title="bbox 86 1801 348 1836; baseline -0.008 0"><span class='ocrx_word' id='word_1_176' title='bbox 86 1803 128 1836; x_wconf 84' lang='lat'>30</span> <span class='ocrx_word' id='word_1_177' title='bbox 144 1801 232 1836; x_wconf 84' lang='lat' dir='ltr'>Maii</span> <span class='ocrx_word' id='word_1_178' title='bbox 252 1804 348 1836; x_wconf 76' lang='lat'><strong>1644.</strong></span> 
     </span>
    </p>
   </div>
   <div class='ocr_carea' id='block_1_11' title="bbox 1410 1912 1668 1950">
    <p class='ocr_par' dir='ltr' id='par_1_11' title="bbox 1410 1912 1668 1950">
     <span class='ocr_line' id='line_1_23' title="bbox 1410 1912 1668 1950; baseline 0.004 -2"><span class='ocrx_word' id='word_1_179' title='bbox 1410 1912 1561 1950; x_wconf 76' lang='lat' dir='ltr'>Elench.</span> <span class='ocrx_word' id='word_1_180' title='bbox 1581 1912 1668 1949; x_wconf 76' lang='lat' dir='ltr'>bull.</span> 
     </span>
    </p>
   </div>
   <div class='ocr_carea' id='block_1_12' title="bbox 89 2019 1668 2360">
    <p class='ocr_par' dir='ltr' id='par_1_12' title="bbox 89 2019 1668 2360">
     <span class='ocr_line' id='line_1_24' title="bbox 171 2019 1663 2078; baseline -0.003 -9"><span class='ocrx_word' id='word_1_181' title='bbox 171 2022 272 2068; x_wconf 67' lang='lat'><strong>⁶202.</strong></span> <span class='ocrx_word' id='word_1_182' title='bbox 305 2022 355 2064; x_wconf 92' lang='lat' dir='ltr'>A.</span> <span class='ocrx_word' id='word_1_183' title='bbox 380 2020 426 2064; x_wconf 92' lang='lat' dir='ltr'>P.</span> <span class='ocrx_word' id='word_1_184' title='bbox 450 2019 572 2065; x_wconf 85' lang='lat' dir='ltr'><strong>R.M.</strong></span> <span class='ocrx_word' id='word_1_185' title='bbox 597 2028 670 2066; x_wconf 63' lang='lat' dir='ltr'>Ex</span> <span class='ocrx_word' id='word_1_186' title='bbox 689 2026 835 2066; x_wconf 74' lang='lat' dir='ltr'>debito</span> <span class='ocrx_word' id='word_1_187' title='bbox 853 2026 1121 2078; x_wconf 64' lang='lat' dir='ltr'>pastoralis.</span> <span class='ocrx_word' id='word_1_188' title='bbox 1144 2046 1170 2052; x_wconf 95' lang='lat'>—</span> <span class='ocrx_word' id='word_1_189' title='bbox 1191 2021 1351 2064; x_wconf 86' lang='lat' dir='ltr'>Urban.</span> <span class='ocrx_word' id='word_1_190' title='bbox 1378 2022 1496 2076; x_wconf 92' lang='lat' dir='ltr'>VIII,</span> <span class='ocrx_word' id='word_1_191' title='bbox 1519 2028 1663 2076; x_wconf 88' lang='lat' dir='ltr'>peten-</span> 
     </span>
     <span class='ocr_line' id='line_1_25' title="bbox 89 2093 1667 2147; baseline -0.001 -11"><span class='ocrx_word' id='word_1_192' title='bbox 89 2093 204 2136; x_wconf 88' lang='lat' dir='ltr'>tibus</span> <span class='ocrx_word' id='word_1_193' title='bbox 223 2099 327 2136; x_wconf 88' lang='lat' dir='ltr'>rect.</span> <span class='ocrx_word' id='word_1_194' title='bbox 350 2098 392 2135; x_wconf 85' lang='lat' dir='ltr'>et</span> <span class='ocrx_word' id='word_1_195' title='bbox 412 2093 698 2147; x_wconf 86' lang='lat' dir='ltr'>collegialibus</span> <span class='ocrx_word' id='word_1_196' title='bbox 719 2093 813 2134; x_wconf 89' lang='lat' dir='ltr'>coll.</span> <span class='ocrx_word' id='word_1_197' title='bbox 838 2093 879 2135; x_wconf 90' lang='lat' dir='ltr'>S.</span> <span class='ocrx_word' id='word_1_198' title='bbox 904 2093 938 2135; x_wconf 90' lang='grc' dir='ltr'>Ι.</span> <span class='ocrx_word' id='word_1_199' title='bbox 966 2093 1164 2135; x_wconf 86' lang='lat' dir='ltr'>Asculan.</span> <span class='ocrx_word' id='word_1_200' title='bbox 1187 2098 1229 2134; x_wconf 89' lang='lat' dir='ltr'>et</span> <span class='ocrx_word' id='word_1_201' title='bbox 1249 2094 1441 2147; x_wconf 87' lang='lat' dir='ltr'>parochis</span> <span class='ocrx_word' id='word_1_202' title='bbox 1461 2108 1535 2135; x_wconf 89' lang='lat' dir='ltr'>seu</span> <span class='ocrx_word' id='word_1_203' title='bbox 1556 2094 1667 2136; x_wconf 89' lang='lat' dir='ltr'>clero</span> 
     </span>
     <span class='ocr_line' id='line_1_26' title="bbox 90 2164 1668 2217; baseline -0.001 -10"><span class='ocrx_word' id='word_1_204' title='bbox 90 2166 189 2207; x_wconf 85' lang='lat' dir='ltr'>eccl.</span> <span class='ocrx_word' id='word_1_205' title='bbox 214 2179 287 2207; x_wconf 89' lang='lat' dir='ltr'>seu</span> <span class='ocrx_word' id='word_1_206' title='bbox 309 2166 387 2207; x_wconf 75' lang='lat' dir='ltr'>civ,</span> <span class='ocrx_word' id='word_1_207' title='bbox 412 2165 629 2217; x_wconf 89' lang='lat' dir='ltr'>Asculan.‚</span> <span class='ocrx_word' id='word_1_208' title='bbox 653 2164 873 2206; x_wconf 84' lang='lat' dir='ltr'>confirmat</span> <span class='ocrx_word' id='word_1_209' title='bbox 903 2164 1169 2205; x_wconf 87' lang='lat' dir='ltr'>concordiam</span> <span class='ocrx_word' id='word_1_210' title='bbox 1190 2166 1300 2206; x_wconf 84' lang='lat' dir='ltr'>inter</span> <span class='ocrx_word' id='word_1_211' title='bbox 1329 2179 1400 2206; x_wconf 87' lang='lat' dir='ltr'>eos</span> <span class='ocrx_word' id='word_1_212' title='bbox 1421 2165 1472 2206; x_wconf 86' lang='lat' dir='ltr'>de</span> <span class='ocrx_word' id='word_1_213' title='bbox 1493 2166 1668 2207; x_wconf 91' lang='lat' dir='ltr'>consilio</span> 
     </span>
     <span class='ocr_line' id='line_1_27' title="bbox 91 2235 1667 2290; baseline 0 -13"><span class='ocrx_word' id='word_1_214' title='bbox 91 2236 190 2278; x_wconf 89' lang='lat' dir='ltr'>Iulii</span> <span class='ocrx_word' id='word_1_215' title='bbox 224 2235 346 2278; x_wconf 84' lang='lat' dir='ltr'>Card.</span> <span class='ocrx_word' id='word_1_216' title='bbox 385 2236 603 2278; x_wconf 88' lang='lat' dir='ltr'>Gabriellii</span> <span class='ocrx_word' id='word_1_217' title='bbox 638 2250 762 2278; x_wconf 91' lang='lat' dir='ltr'>nunc.</span> <span class='ocrx_word' id='word_1_218' title='bbox 800 2236 839 2277; x_wconf 90' lang='lat' dir='ltr'>d.</span> <span class='ocrx_word' id='word_1_219' title='bbox 882 2236 1050 2277; x_wconf 87' lang='lat' dir='ltr'>maioris</span> <span class='ocrx_word' id='word_1_220' title='bbox 1087 2236 1191 2278; x_wconf 87' lang='lat' dir='ltr'>eccl.</span> <span class='ocrx_word' id='word_1_221' title='bbox 1228 2236 1426 2278; x_wconf 88' lang='lat' dir='ltr'>Asculan.</span> <span class='ocrx_word' id='word_1_222' title='bbox 1463 2236 1667 2290; x_wconf 88' lang='lat' dir='ltr'>praesulis</span> 
     </span>
     <span class='ocr_line' id='line_1_28' title="bbox 90 2305 1663 2360; baseline 0 -12"><span class='ocrx_word' id='word_1_223' title='bbox 90 2307 239 2349; x_wconf 88' lang='lat' dir='ltr'>initam</span> <span class='ocrx_word' id='word_1_224' title='bbox 260 2321 386 2360; x_wconf 88' lang='lat' dir='ltr'>super</span> <span class='ocrx_word' id='word_1_225' title='bbox 405 2308 588 2348; x_wconf 83' lang='lat' dir='ltr'>oratorio</span> <span class='ocrx_word' id='word_1_226' title='bbox 604 2307 681 2348; x_wconf 92' lang='lat' dir='ltr'>sub</span> <span class='ocrx_word' id='word_1_227' title='bbox 701 2308 836 2348; x_wconf 87' lang='lat' dir='ltr'>invoc.</span> <span class='ocrx_word' id='word_1_228' title='bbox 856 2306 897 2348; x_wconf 91' lang='lat' dir='ltr'><strong>S.</strong></span> <span class='ocrx_word' id='word_1_229' title='bbox 917 2305 1171 2347; x_wconf 87' lang='lat' dir='ltr'>Catharinae</span> <span class='ocrx_word' id='word_1_230' title='bbox 1193 2307 1412 2359; x_wconf 87' lang='lat' dir='ltr'>Asculan.‚</span> <span class='ocrx_word' id='word_1_231' title='bbox 1430 2320 1456 2348; x_wconf 88' lang='lat' dir='ltr'>a</span> <span class='ocrx_word' id='word_1_232' title='bbox 1475 2306 1607 2348; x_wconf 88' lang='lat' dir='ltr'>Paulo</span> <span class='ocrx_word' id='word_1_233' title='bbox 1631 2306 1663 2348; x_wconf 88' lang='lat' dir='ltr'>V</span> 
     </span>
    </p>
   </div>
   <div class='ocr_carea' id='block_1_13' title="bbox 90 2377 1012 2487">
    <p class='ocr_par' dir='ltr' id='par_1_13' title="bbox 90 2377 1012 2487">
     <span class='ocr_line' id='line_1_29' title="bbox 91 2377 1012 2432; baseline -0.001 -13"><span class='ocrx_word' id='word_1_234' title='bbox 91 2377 131 2420; x_wconf 88' lang='lat' dir='ltr'>d.</span> <span class='ocrx_word' id='word_1_235' title='bbox 155 2378 329 2432; x_wconf 89' lang='lat' dir='ltr'>collegio</span> <span class='ocrx_word' id='word_1_236' title='bbox 349 2392 529 2430; x_wconf 84' lang='lat' dir='ltr'>aunexo,</span> <span class='ocrx_word' id='word_1_237' title='bbox 552 2378 790 2431; x_wconf 88' lang='lat' dir='ltr'>nulliusque</span> <span class='ocrx_word' id='word_1_238' title='bbox 811 2377 1012 2419; x_wconf 87' lang='lat' dir='ltr'>redditus.</span> 
     </span>
     <span class='ocr_line' id='line_1_30' title="bbox 90 2443 1000 2487; baseline -0.004 -8"><span class='ocrx_word' id='word_1_239' title='bbox 90 2444 132 2479; x_wconf 86' lang='lat' dir='ltr'><strong>R.</strong></span> <span class='ocrx_word' id='word_1_240' title='bbox 149 2454 207 2487; x_wconf 88' lang='lat' dir='ltr'>ap.</span> <span class='ocrx_word' id='word_1_241' title='bbox 229 2443 264 2478; x_wconf 90' lang='lat' dir='ltr'><strong>S.</strong></span> <span class='ocrx_word' id='word_1_242' title='bbox 284 2444 326 2481; x_wconf 83' lang='lat' dir='ltr'><strong>P.</strong></span> <span class='ocrx_word' id='word_1_243' title='bbox 345 2444 429 2478; x_wconf 75' lang='lat' dir='ltr'>XVI</span> <span class='ocrx_word' id='word_1_244' title='bbox 449 2444 523 2478; x_wconf 85' lang='lat' dir='ltr'>kal.</span> <span class='ocrx_word' id='word_1_245' title='bbox 545 2445 608 2479; x_wconf 87' lang='lat' dir='ltr'>lul.</span> <span class='ocrx_word' id='word_1_246' title='bbox 631 2447 714 2479; x_wconf 80' lang='lat'>1644</span> <span class='ocrx_word' id='word_1_247' title='bbox 732 2444 772 2477; x_wconf 81' lang='lat' dir='ltr'><strong>P.</strong></span> <span class='ocrx_word' id='word_1_248' title='bbox 792 2455 876 2478; x_wconf 88' lang='lat' dir='ltr'>ann.</span> <span class='ocrx_word' id='word_1_249' title='bbox 901 2444 1000 2478; x_wconf 83' lang='lat' dir='ltr'><strong>XXI.</strong></span> 
     </span>
    </p>
   </div>
   <div class='ocr_carea' id='block_1_14' title="bbox 1316 2555 1668 2598">
    <p class='ocr_par' dir='ltr' id='par_1_14' title="bbox 1316 2555 1668 2598">
     <span class='ocr_line' id='line_1_31' title="bbox 1316 2555 1668 2598; baseline 0.003 -10"><span class='ocrx_word' id='word_1_250' title='bbox 1316 2555 1404 2598; x_wconf 74' lang='lat' dir='ltr'>Rey.</span> <span class='ocrx_word' id='word_1_251' title='bbox 1422 2557 1509 2590; x_wconf 75' lang='lat' dir='ltr'><strong>bun.</strong></span> <span class='ocrx_word' id='word_1_252' title='bbox 1535 2555 1595 2590; x_wconf 87' lang='lat' dir='ltr'>VI.</span> <span class='ocrx_word' id='word_1_253' title='bbox 1614 2557 1668 2591; x_wconf 85' lang='lat'><strong>87.</strong></span> 
     </span>
    </p>
   </div>
  </div>
 </body>
</html>
