1989 3252
221 164 366 208 Pauli
386 164 440 207 V.
891 187 947 195 -
975 164 1056 204 246
1086 185 1142 192 -
1682 164 1814 208 1608.

220 251 286 292 vel
317 263 625 304 quemcumque
659 249 921 291 sacerdotem
956 250 1217 292 saecularem
1247 250 1421 291 missam
1455 248 1713 302 celebrandi,
1738 263 1813 291 ex-

221 322 354 374 ceptis
374 321 593 362 Paschatis
623 320 974 373 Resurrectionis,
998 320 1266 363 Pentecostes
1288 325 1330 361 et
1356 319 1603 362 Nativitatis
1625 319 1674 361 D.
1699 319 1751 361 N.
1775 319 1812 362 Ι.

221 390 299 433 Ch.
322 392 441 432 festis
462 391 626 444 diebus,
652 391 868 433 licentiam
888 391 1095 433 concedit.

224 458 263 492 R.
284 469 341 501 ap.
363 458 399 492 S.
420 458 460 492 P.
481 457 639 492 XXVIII
657 457 736 492 Iun.
760 459 843 492 1608
860 458 902 492 Ρ.
921 468 980 491 an.
1000 458 1062 493 IV.

1455 567 1546 610 Ray.
1566 566 1654 601 bun.
1674 567 1741 600 IV.
1761 568 1816 602 85.

305 688 378 731 66.
414 692 484 728 Ex
503 688 651 730 debito
664 689 923 742 pastoralis
941 690 1093 741 officii.
1118 710 1144 716 —
1174 685 1294 727 Paul.
1320 685 1352 726 V
1378 685 1545 727 officiali
1581 685 1810 728 Taurinen.

221 756 409 808 mandat,
434 756 677 810 petentibus
698 755 760 798 Ol.
787 757 1005 811 Aquaviva
1034 757 1104 799 Pr.
1126 756 1233 799 Gen.
1257 762 1299 798 et
1328 762 1491 799 rectore
1521 757 1620 799 coll.
1648 757 1689 799 S.
1713 757 1749 799 Ι.
1772 758 1818 799 111

221 829 302 870 civ,
327 826 556 870 Taurinen.
581 832 789 882 quatenus
810 842 907 870 cum
928 827 969 871 d.
994 827 1091 873 coll.
1113 829 1236 870 uniat
1255 829 1465 882 capellam
1485 828 1526 871 S.
1552 828 1748 882 Brigidae
1768 828 1813 869 in

221 898 452 941 Taurinen.
490 913 635 941 versus
673 904 838 953 portam
869 899 1062 942 Sutinam
1096 903 1139 941 et
1172 913 1303 954 prope
1339 899 1510 941 domum
1547 900 1724 942 Amedei
1760 899 1812 941 de

219 969 386 1011 Parella
421 971 737 1021 consistentem,
775 971 895 1012 cuius
934 971 1252 1024 iuspatronatus
1287 984 1340 1012 ex
1380 970 1644 1012 haereditate
1683 974 1814 1012 testa-

219 1042 431 1082 mentaria
452 1041 662 1095 quondam
683 1041 858 1083 Abrami
893 1041 1030 1083 Beviti
1050 1041 1191 1083 ultimi
1212 1042 1379 1094 patroni
1413 1041 1511 1083 laici
1532 1041 1587 1083 ad
1607 1047 1814 1084 rectorem

219 1112 261 1154 d.
285 1113 383 1155 coll.
407 1115 617 1166 pervenit,
641 1118 684 1155 et
705 1114 805 1167 quia
825 1113 879 1154 ob
914 1113 1029 1157 illius
1050 1113 1349 1166 antiquitatem
1373 1117 1415 1154 et
1436 1127 1650 1155 murorum
1671 1118 1813 1167 putre-

218 1184 445 1226 factionem
476 1198 525 1226 ac
547 1184 847 1226 humiditatem
876 1184 1109 1226 restaurari
1139 1183 1254 1225 nullo
1278 1183 1398 1226 modo
1429 1189 1582 1240 potest,
1606 1198 1700 1226 eam
1719 1198 1816 1238 pro·

219 1256 398 1309 phanari
419 1255 635 1308 decernat,
659 1256 801 1312 altari,
824 1256 996 1297 nomine
1017 1258 1098 1297 etc.
1118 1255 1171 1296 ad
1193 1255 1320 1296 aliam
1342 1255 1548 1309 capellam
1569 1255 1647 1296 sub
1668 1255 1816 1297 eadem

218 1320 485 1369 invocatione
521 1329 564 1368 in
586 1327 689 1368 eccl.
713 1327 878 1381 collegii
912 1326 1145 1379 translatis,
1169 1327 1395 1367 missarum
1415 1326 1595 1380 aliisque
1615 1325 1815 1368 oneribus

220 1399 263 1438 in
283 1398 409 1439 solita
429 1396 471 1440 S.
494 1396 530 1439 I.
553 1399 838 1440 commutatis.
863 1398 932 1440 Fr.
957 1399 1012 1440 24
1032 1397 1130 1439 duc.

218 1464 263 1498 R.
284 1475 342 1506 ap.
364 1463 400 1498 S.
420 1464 469 1498 M.
493 1464 576 1499 XIV
597 1463 672 1500 kal.
691 1465 786 1507 Aug.
809 1465 892 1500 1608
910 1464 951 1499 Ρ.
971 1474 1030 1499 an.
1050 1463 1112 1498 IV.

1385 1573 1471 1617 Rey.
1491 1573 1579 1608 bun.
1598 1572 1663 1607 IV.
1686 1572 1759 1608 178.
1780 1573 1814 1607 b.

298 1694 370 1737 67.
406 1699 480 1736 Eoe
498 1695 704 1736 iniuncto
723 1696 870 1737 nobis.
904 1717 930 1723 -
965 1692 1086 1734 Paul.
1120 1691 1157 1733 V
1197 1692 1354 1734 vicario
1388 1692 1577 1745 generali
1612 1691 1812 1746 Tropien.

215 1764 444 1805 committit
478 1762 721 1805 confirmari
756 1777 831 1817 pro
867 1763 963 1806 coll.
988 1763 1031 1806 S.
1054 1763 1090 1806 I.
1115 1763 1338 1817 Tropiensi
1373 1764 1572 1805 unionem
1603 1777 1630 1805 a
1651 1763 1814 1805 Thoma

214 1833 305 1888 Epo
329 1834 486 1876 factam
508 1834 784 1876 ecclesiarum
806 1836 897 1877 sine
917 1849 1018 1877 cura
1039 1834 1081 1877 S.
1101 1835 1140 1876 N
1143 1835 1269 1876 icolai
1285 1834 1336 1876 de
1352 1834 1564 1876 catholica
1584 1849 1712 1876 nunc.
1734 1848 1811 1888 pro

218 1905 371 1947 divinis
393 1906 639 1948 ministeriis
669 1906 932 1960 exercendis,
954 1920 1119 1949 necnon
1139 1920 1215 1960 pro
1237 1906 1391 1948 scholis
1412 1911 1455 1947 et
1475 1907 1810 1960 congregationi—

216 1976 296 2018 bus
317 1976 359 2020 S.
383 1977 498 2019 Petri
528 1977 747 2032 Torpien.‚
771 1978 823 2019 de
853 1992 1062 2021 consensu
1083 1977 1253 2020 Ioannis
1283 1977 1511 2032 Tarquenii
1533 1977 1746 2032 Spoletan.
1771 1984 1814 2020 et

216 2049 315 2091 Ant.
341 2048 393 2091 de
412 2049 557 2103 Regio.
581 2048 762 2092 Fructus
782 2050 904 2092 nulli.

214 2115 259 2150 R.
279 2126 338 2159 ap.
360 2115 398 2151 S.
417 2115 467 2150 M.
488 2117 518 2148 X
535 2116 610 2151 kal.
631 2116 710 2152 Oct.
732 2118 817 2153 1608
837 2117 877 2152 Ρ.
899 2127 959 2151 an.
983 2117 1047 2152 iv.

1398 2227 1487 2271 Rey.
1509 2229 1596 2261 bule.
1616 2226 1682 2262 IV.
1702 2229 1757 2262 94.
1778 2227 1811 2261 b.

297 2349 369 2392 68.
405 2346 457 2389 A.
483 2346 531 2388 F.
556 2346 606 2388 R.
631 2345 691 2389 M.
719 2352 772 2391 Ut
790 2350 1051 2404 presbytera·
1071 2353 1114 2391 S.
1138 2353 1172 2390 I.
1193 2371 1219 2378 -
1235 2347 1357 2389 Paul.
1378 2345 1414 2388 V
1431 2347 1689 2401 presbyteris
1709 2346 1752 2389 S.
1771 2346 1807 2389 Ι.

213 2416 266 2458 ἃᾶ
287 2417 471 2459 insulam
494 2416 709 2460 Corsicam
731 2423 819 2459 tam
841 2431 916 2459 suo
933 2430 1062 2472 quam
1083 2417 1265 2459 aliorum
1284 2416 1406 2460 Rom.
1425 2416 1677 2459 Pontificum
1694 2417 1812 2459 iussu

211 2488 353 2529 missis
383 2493 426 2530 et
461 2489 680 2530 mittendis
715 2488 940 2530 facultates
969 2487 1163 2530 concedit
1197 2486 1300 2541 (Cfr.
1324 2487 1458 2530 Clem.
1483 2487 1604 2530 VIII.
1626 2502 1669 2530 n.
1696 2489 1808 2542 164).

213 2558 279 2600 Ad
300 2572 432 2601 annos
453 2565 636 2614 septem.

216 2625 259 2659 R.
279 2635 337 2668 ap.
360 2625 395 2660 S.
416 2627 466 2661 M.
487 2626 573 2661 XIV
591 2626 672 2661 Oct.
693 2628 779 2662 1608
796 2627 837 2662 P.
856 2637 917 2661 an.
935 2627 998 2662 IV.

213 2680 323 2718 (Nota
344 2692 351 2715 :
370 2685 569 2716 renovatae
587 2682 631 2715 ad
650 2685 670 2715 7
688 2692 814 2723 annos,
837 2684 876 2717 ll
894 2682 962 2717 Iul.
985 2683 1094 2724 1615).

1397 2791 1485 2833 Rey.
1504 2790 1595 2825 bull.
1615 2789 1680 2825 IV.
1701 2792 1755 2825 86.
1775 2790 1810 2824 b.

294 2913 369 2957 69.
405 2913 665 2955 Pastor-alis
687 2915 835 2966 Officii
855 2926 986 2956 cur-a.
1010 2935 1036 2941 -
1063 2909 1186 2953 Paul.
1218 2908 1271 2963 V,
1295 2914 1465 2964 petente
1500 2909 1565 2952 cl.
1589 2910 1809 2964 Aquaviva

211 2981 280 3024 Pr.
305 2981 410 3025 Gen.
435 2981 475 3024 S.
500 2980 537 3023 I.
561 2982 738 3024 mandat
758 2981 928 3024 officiali
949 2982 1166 3036 Agennen.
1189 2985 1239 3023 ut
1268 2980 1471 3023 dissolvat
1491 2982 1693 3023 unionem
1713 2994 1806 3035 par.
