1989 3189
119 218 258 261 Pauli
278 219 332 262 V.
788 242 842 246 —
870 219 949 257 229
979 241 1034 248 —
1567 219 1697 262 1605.

120 303 304 356 applicet
324 303 377 344 ad
398 306 449 344 25
471 317 602 344 annos
632 303 816 345 fabricae
846 303 993 345 domus
1023 304 1130 357 prof.
1155 304 1195 346 S.
1219 305 1254 346 Ι.
1280 304 1419 358 oppidi
1449 304 1698 357 Bragantiae

119 372 280 415 fructus
309 375 478 427 paroch.
512 374 612 415 eccl.
645 374 842 415 abbatiae
871 388 996 415 nunc.
1021 374 1060 416 S.
1087 375 1245 416 Mariae
1274 376 1355 417 loci
1386 375 1437 416 de
1458 375 1697 417 Rebordaos

119 443 353 486 Miranden.
388 444 536 493 dioec..
571 445 622 486 de
651 446 742 486 iure
773 450 1018 499 patronatus
1048 445 1272 487 Theodosii
1302 447 1419 488 ducis
1448 446 1698 500 Bragantiae

119 518 161 555 et
180 514 389 556 Barcellas
409 516 642 566 existentis,
671 515 786 556 obitu
809 516 981 558 Antonii
1002 516 1152 557 Gomez
1182 518 1355 558 rectoris
1385 517 1549 558 abbatis
1571 531 1693 558 nunc.

118 587 321 638 vacantis,
339 587 524 639 exceptis
549 588 624 627 150
646 587 856 638 cruciatis,
876 600 949 628 seu
972 589 1047 628 110
1070 587 1184 639 duc.,
1208 588 1313 641 pede
1334 587 1496 641 altaris,
1519 588 1696 641 aliisque

119 656 412 697 emolumentis
433 671 482 698 ac
502 657 765 710 portionibus
786 657 1053 711 quibusdam.
1076 658 1144 701 Fr.
1168 661 1247 700 700
1269 659 1361 702 duc.

119 722 160 756 R.
180 733 237 765 ap.
258 722 294 757 S.
316 722 355 756 P.
374 722 424 757 IV
445 723 519 758 kal.
538 723 615 758 Iun.
638 726 722 758 1605
740 724 778 756 P.
799 735 858 757 an.
878 724 904 758 Ι.

1287 825 1374 867 Rey.
1394 824 1481 859 ban.
1501 825 1568 859 JV.
1587 827 1644 860 27.
1662 825 1695 858 b.

198 932 241 975 ε’).
272 938 475 985 Aequum
497 937 777 986 reputanms.
797 955 823 961 -—
838 930 959 974 Paul.
974 931 1008 972 V
1024 932 1221 973 unionem
1231 946 1326 973 cum
1338 933 1432 973 coll.
1447 932 1488 974 S.
1506 932 1540 974 I.
1562 934 1693 974 Auxi-

117 1005 216 1042 tano
237 1002 444 1053 prioratus
465 1000 504 1042 S.
530 1001 673 1042 Dodae
695 1001 743 1043 O.
764 1001 804 1043 S.
823 1002 925 1044 Ben.
950 1003 1148 1044 Auxitan.
1173 1003 1327 1054 dioec„
1350 1005 1421 1057 qui
1442 1010 1695 1046 conventua-

117 1071 168 1112 lis
188 1085 270 1113 non
292 1076 354 1112 est
374 1076 416 1113 et
436 1085 462 1113 a
490 1086 601 1114 mon.
626 1071 665 1113 S.
690 1071 850 1114 Mariae
881 1073 931 1114 de
962 1073 1158 1125 Symorra
1188 1073 1322 1116 eiusd.
1355 1074 1454 1116 Ord.
1487 1079 1529 1116 et
1559 1075 1689 1118 dioec.

118 1142 342 1195 dependet,
365 1156 390 1184 a
410 1142 541 1184 Clem.
566 1142 683 1195 VIII,
710 1145 758 1185 13
780 1144 863 1186 kal.
888 1144 992 1197 Aug.
1019 1144 1064 1186 P.
1090 1158 1143 1185 an
1164 1143 1224 1185 IX
1255 1145 1426 1198 factam,
1449 1145 1549 1187 licet
1583 1146 1694 1188 litte-

117 1226 188 1254 rae
218 1213 395 1266 desuper
424 1214 637 1255 confectae
673 1228 755 1256 non
790 1215 958 1266 fuerint,
994 1215 1230 1269 confirmat,
1268 1220 1308 1258 et
1345 1216 1451 1258 offic.
1490 1217 1694 1264 Auxitan.

118 1297 236 1326 exeo.
260 1284 498 1325 committit.
524 1284 592 1327 Fr.
616 1287 695 1326 300
718 1285 811 1326 duc.

118 1350 159 1384 R.
180 1360 236 1393 ap.
257 1349 292 1384 S.
313 1349 354 1383 P.
372 1350 421 1385 IV
440 1350 513 1384 kal.
533 1350 612 1385 Iun.
635 1353 718 1386 1605
737 1351 775 1384 P.
797 1361 855 1385 an.
874 1352 901 1386 I.

1286 1452 1374 1495 Rey.
1396 1453 1482 1484 buu.
1503 1451 1566 1487 IV.
1587 1454 1640 1486 51.
1662 1452 1696 1486 b.

201 1558 244 1602 6,
274 1556 322 1597 Α,
350 1557 395 1598 P.
419 1557 466 1598 R.
494 1557 551 1600 M.
578 1565 782 1613 Aequum
802 1564 1082 1614 reputamus.
1102 1583 1128 1590 -
1144 1558 1261 1601 Paul.
1289 1558 1324 1599 V
1341 1559 1560 1601 confirmat
1580 1574 1695 1602 com-

116 1629 382 1680 promissum,
409 1641 435 1669 a
466 1629 592 1681 Greg.
624 1627 728 1669 XIII
763 1631 787 1670 3
823 1629 907 1671 kal.
942 1629 1065 1671 Mart.
1100 1630 1146 1672 P.
1180 1644 1247 1672 an.
1282 1629 1362 1671 XII
1399 1631 1696 1688 approbatum,

116 1698 268 1740 litteris
288 1698 466 1752 desuper
495 1699 644 1740 deinde
664 1714 745 1741 non
774 1700 990 1753 confectis,
1014 1702 1122 1742 inter
1152 1701 1244 1743 coll.
1270 1701 1309 1743 S.
1334 1701 1371 1746 I.
1394 1716 1488 1755 opp.
1514 1702 1563 1744 de
1595 1704 1696 1744 Bra-

117 1770 259 1822 gantia
279 1774 321 1811 et
341 1770 437 1810 Ant.
463 1769 513 1811 de
534 1769 654 1811 Friar
673 1776 772 1812 rect.
800 1771 994 1812 abbatem
1016 1785 1140 1813 nunc.
1165 1772 1333 1825 paroch.
1361 1773 1462 1814 eccl.
1486 1772 1527 1814 S.
1550 1773 1694 1815 Caeci-

116 1840 200 1881 liae
228 1840 308 1881 loci
337 1840 388 1882 de
416 1840 623 1882 Carezedo
654 1841 887 1884 Miranden.
923 1842 1056 1884 dioec.
1091 1857 1216 1896 super
1237 1843 1460 1885 medietate
1482 1844 1696 1885 fructuum

117 1911 218 1952 eccl.
252 1910 291 1952 S.
327 1910 385 1952 M.
416 1911 498 1952 loci
528 1911 578 1952 de
614 1911 709 1952 Dini
746 1911 786 1953 d.
825 1912 958 1954 dioec.
997 1913 1035 1954 (1.
1075 1914 1306 1966 parochiali
1346 1914 1447 1955 eccl.
1490 1928 1694 1956 annexae.

118 1981 349 2035 Episcopus
369 1987 411 2023 et
431 1982 612 2023 decanus
632 1983 732 2036 Aeg.
758 1983 809 2024 de
830 1983 963 2025 Prado
983 1985 1297 2037 privilegiorum
1319 1985 1358 2026 d.
1385 1985 1547 2038 collegii
1571 1985 1698 2027 iudex

117 2057 384 2094 conservator
417 2056 440 2093 9
476 2054 577 2094 maii
609 2055 728 2106 1576,
760 2054 812 2095 ad
842 2068 945 2108 quos
979 2055 1120 2097 delata
1153 2055 1203 2096 lis
1238 2056 1390 2108 fuerat,
1429 2057 1700 2098 decreverant

117 2122 387 2164 medietatem
407 2137 533 2176 penes
550 2125 645 2165 coll.
664 2139 895 2178 remanere,
917 2128 1095 2168 Antonio
1114 2127 1252 2181 quoad
1268 2128 1426 2169 viveret
1444 2130 1494 2168 ’20
1512 2141 1700 2180 11116ςᾶ-

117 2193 176 2234 lia
196 2194 265 2248 (40
287 2193 403 2247 due.)
424 2195 514 2237 loco
536 2196 748 2248 pensionis
768 2210 933 2239 annuae
955 2211 981 2239 a
1000 2198 1164 2251 collegii
1185 2202 1347 2239 rectore
1370 2198 1584 2240 solvenda.

116 2259 163 2296 R.
180 2270 239 2303 ap.
259 2260 295 2295 S.
316 2260 357 2294 P.
376 2261 426 2296 IV
443 2260 517 2294 kal.
539 2262 615 2296 Iun.
638 2265 722 2298 1605
740 2263 781 2299 P.
802 2274 862 2298 an.
879 2263 907 2299 Ι.

1343 2363 1429 2406 Ray.
1451 2363 1539 2397 bun.
1557 2363 1624 2397 [ν.
1644 2366 1698 2398 53.

200 2471 239 2515 7.
270 2473 414 2514 Hodie
441 2478 730 2515 emanarunt.
764 2497 789 2502 -
818 2472 922 2514 Paul
952 2472 987 2514 V
1024 2473 1113 2527 Epo
1136 2472 1372 2514 Miranden.
1397 2478 1437 2513 et
1469 2473 1627 2514 cantori
1658 2480 1700 2513 et

119 2539 366 2582 scholastico
386 2541 488 2584 eccl.
512 2540 748 2585 Miranden.
774 2557 889 2586 exeo.
914 2558 1064 2586 comm.

119 2604 161 2639 R.
181 2616 240 2648 ap.
260 2605 295 2641 S.
318 2606 359 2640 P.
379 2606 428 2641 IV
444 2606 518 2640 kal.
537 2607 616 2643 Iun.
637 2610 722 2643 1605
740 2609 780 2643 P.
800 2620 860 2644 an.
878 2610 904 2645 Ι.

1528 2708 1626 2743 Ιὸὶἀ.
1645 2710 1699 2743 54.

200 2815 243 2860 8.
275 2815 323 2856 A.
346 2813 394 2857 P.
416 2815 467 2857 R.
490 2813 548 2858 M.
574 2823 780 2873 Aequum
810 2825 1091 2875 reputamus,
1116 2843 1141 2849 -
1170 2818 1293 2860 Paul.
1325 2817 1362 2859 V
1390 2817 1702 2860 concessionem

118 2897 144 2929 a
161 2883 292 2930 Clem.
312 2885 415 2928 VIII
432 2886 516 2930 kal.
536 2886 627 2931 Ian.
647 2887 692 2930 P.
714 2902 782 2931 an.
800 2888 838 2930 X
859 2890 1016 2932 factam
1032 2890 1206 2944 perinde
1226 2890 1366 2932 valere
1388 2889 1575 2931 declarat
1596 2900 1645 2929 ac
1667 2887 1702 2928 si
