1989 3252
304 171 482 214 Urban.
503 170 634 214 VIII.
974 192 1029 198 —
1057 170 1138 210 334
1166 192 1221 199 —
1760 171 1890 217 1631.

310 270 435 310 quam
456 255 551 297 aliis
572 256 791 297 seminarii
812 255 1018 298 Viennen.
1044 257 1235 298 concedit
1254 256 1499 298 facultatem
1519 261 1568 298 ut
1589 256 1642 298 ad
1663 271 1695 299 s.
1726 257 1892 299 ordines

307 332 635 380 promoveantur
655 331 776 369 extra
795 331 986 381 tempora
1007 332 1050 369 et
1070 328 1228 382 absque
1250 328 1516 370 dimissoriis.

307 394 347 427 R.
368 405 427 437 ap.
449 394 484 428 S.
508 394 558 428 M.
578 394 627 428 M.
649 394 804 430 XXVIII
821 394 911 429 Maii
931 397 1012 429 1631
1032 395 1072 428 P.
1094 406 1152 428 an.
1174 395 1268 430 VIII.

1539 504 1625 547 Ray.
1647 506 1734 538 bun.
1761 505 1819 538 VJ.
1841 507 1896 540 11.

390 625 493 669 122.
527 623 569 666 S.
594 622 742 675 Congr.
769 621 920 665 Cardd.
946 624 1122 676 negotiis
1143 623 1272 677 regul.
1296 625 1519 678 praeposit.
1544 650 1569 656 —
1584 624 1780 668 Generali
1795 625 1837 667 S.
1856 625 1893 667 I.

304 695 549 737 conceditur
585 694 767 736 facultas
787 693 1018 747 recipiendi
1052 695 1096 735 in
1117 709 1232 748 prov,
1262 694 1423 737 Veneta
1459 697 1502 737 in
1523 697 1654 750 praef.
1681 696 1893 750 (Bologna,

306 764 550 819 Novellara)
572 765 851 808 noviciatibus
872 767 924 807 20
946 767 1141 808 novitios.
1165 792 1191 798 -
1211 766 1281 810 Fr.
1306 767 1403 810 Ant.
1429 767 1553 810 Card.
1579 769 1621 810 S.
1646 768 1856 811 Honufrii.

305 832 350 867 R.
368 834 410 868 30
428 832 516 867 Maii
538 835 632 868 1631.

1482 943 1569 988 Rey.
1589 944 1680 979 buu.
1709 945 1766 979 VJ.
1788 948 1839 980 11.
1861 946 1893 979 b.

388 1066 491 1110 123.
525 1063 566 1105 S.
591 1064 738 1116 Congr.
766 1062 918 1105 Cardd.
944 1077 1035 1116 neg.
1060 1078 1144 1116 reg.
1172 1065 1398 1118 praeposit.
1418 1089 1443 1095 —
1459 1064 1652 1106 Generali
1674 1065 1715 1107 S.
1734 1065 1770 1107 Ι.
1799 1080 1896 1108 con-

306 1134 470 1176 ceditur
504 1134 651 1176 facult.
690 1134 921 1188 recipiendi
960 1135 1003 1175 in
1039 1149 1157 1188 prOV.
1195 1134 1501 1177 Mediolanensi
1535 1137 1578 1177 in
1617 1138 1897 1179 noviciatibus

304 1206 508 1260 praefatis
545 1206 724 1260 (Chieri‚
753 1207 999 1260 Panizzano)
1025 1208 1075 1248 12
1096 1207 1291 1249 novitios.
1317 1233 1342 1239 -
1363 1208 1429 1249 Fr.
1465 1209 1563 1250 Ant.
1590 1208 1714 1251 Card.
1739 1208 1779 1251 S.
1812 1209 1896 1251 Ho-

304 1278 446 1320 nufrii.

303 1344 347 1379 R.
367 1347 410 1380 30
429 1343 518 1378 Maii
538 1346 634 1379 1631.

1485 1457 1571 1500 Req.
1593 1457 1681 1493 bula.
1711 1457 1766 1491 VI.
1789 1460 1839 1492 11.
1861 1457 1894 1492 b.

388 1583 488 1626 124.
524 1587 576 1623 In
598 1586 741 1636 apost.
766 1583 1022 1636 rlz'fflzz‘tatz's.
1046 1606 1072 1611 -
1093 1579 1256 1622 Urban.
1277 1580 1396 1633 VIII,
1415 1585 1585 1634 petente
1600 1580 1895 1623 Maximiliano

304 1651 510 1693 Bavariae
532 1651 638 1693 duce
656 1651 698 1693 S.
718 1650 769 1693 R.
789 1651 824 1693 I.
845 1653 977 1705 princ.
1004 1652 1200 1704 electore,
1218 1652 1389 1693 mandat
1412 1652 1581 1694 officiali
1601 1654 1731 1706 episc.
1755 1653 1895 1694 Ratis-

302 1723 455 1765 bonen.
481 1727 527 1764 ut
548 1737 644 1764 cum
667 1723 763 1764 coll.
789 1723 828 1765 S.
854 1723 888 1765 I.
915 1723 1026 1778 quod
1042 1724 1082 1765 d.
1108 1723 1222 1765 Max.
1243 1724 1367 1765 simul
1388 1738 1483 1765 cum
1501 1725 1649 1766 semin.
1669 1738 1896 1778 puerorum

300 1795 344 1835 in
362 1808 459 1848 opp.
471 1794 523 1836 de
540 1794 750 1848 Amberga
768 1795 899 1837 dioec.
915 1795 1189 1837 Ratisbonen.
1216 1796 1374 1849 erigere
1390 1795 1574 1837 intendit
1592 1797 1712 1837 uniat
1732 1809 1896 1838 monas-

303 1867 455 1907 terium
480 1866 531 1908 de
553 1865 691 1907 Castel
713 1880 838 1908 nunc.
864 1867 965 1908 olim
987 1867 1036 1908 Ο.
1060 1865 1100 1908 S.
1126 1866 1173 1907 B.
1199 1881 1331 1920 prope
1350 1881 1445 1921 opp.
1467 1866 1606 1908 Castel
1622 1868 1666 1908 in
1681 1868 1897 1921 superiore

304 1936 546 1979 Palatinatu
584 1942 625 1978 et
659 1937 792 1980 dioec.
811 1937 1038 1995 Eysteten.
1077 1939 1148 1980 diu
1183 1939 1237 1980 ab
1269 1939 1495 1980 haereticis
1516 1943 1785 1993 occupatum.
1822 1938 1892 1982 Fr.

301 2011 409 2050 5000
431 2009 527 2050 duc.

298 2075 343 2110 R.
363 2086 420 2119 ap.
442 2075 479 2110 s
499 2076 548 2111 Μ.
573 2075 902 2111 M.X11ka1.0ct.
924 2079 1007 2112 1631
1026 2078 1066 2112 P.
1088 2089 1145 2111 an.
1165 2078 1229 2113 IX.

1539 2187 1626 2231 Req.
1645 2187 1731 2221 bun.
1757 2187 1817 2221 VI.
1839 2191 1893 2223 57.

385 2308 486 2352 125.
521 2313 574 2349 In
596 2312 844 2363 apostolico
865 2310 1121 2364 dzym‘tatz's.
1145 2332 1171 2337 —
1204 2306 1364 2348 Urban.
1391 2307 1510 2361 VIII,
1533 2311 1703 2361 petente
1737 2307 1887 2360 Praep.

299 2376 405 2419 Gen.
430 2376 472 2419 S.
496 2377 529 2419 I.
555 2378 728 2419 mandat
762 2378 934 2419 officiali
963 2379 1151 2432 archiep.
1177 2378 1466 2431 Maguntinen.
1492 2383 1538 2420 ut
1568 2379 1757 2432 collegio,
1781 2378 1893 2433 quod

300 2448 351 2489 de
373 2449 548 2490 consilio
572 2447 723 2502 Congr.
748 2449 799 2490 de
821 2449 1093 2503 propaganda
1123 2449 1223 2502 fide,
1257 2449 1467 2491 industria
1487 2449 1656 2492 Ioannis
1677 2449 1891 2502 Reynardi

301 2520 457 2573 Tigleri
480 2520 518 2562 d.
545 2521 571 2561 S
615 2522 776 2574 erigere
797 2522 839 2561 in
861 2535 956 2575 opp.
981 2521 1248 2563 Francofurti
1279 2521 1318 2563 d.
1345 2521 1477 2563 dioec.
1502 2521 1702 2573 decrevit,
1726 2535 1891 2562 monas-

300 2592 453 2632 terium
491 2591 737 2633 monialium
774 2592 816 2634 S.
854 2592 1003 2634 Clarae
1039 2593 1083 2633 in
1118 2593 1209 2634 loco
1233 2593 1427 2646 sylvestri
1448 2606 1473 2633 a
1494 2592 1534 2634 d.
1560 2592 1711 2646 oppido
1740 2593 1890 2634 itinere

304 2664 353 2703 12
401 2662 573 2704 milliar.
626 2663 811 2705 distante
863 2663 914 2705 de
963 2663 1207 2705 Clarenthal
1247 2678 1372 2705 nunc.
1416 2665 1584 2705 omnino
1620 2664 1886 2717 derelictum,

299 2734 512 2775 exstincta
532 2736 716 2776 essentia
737 2735 921 2788 regulari
943 2735 1159 2776 concedat.
1184 2734 1253 2776 Fr.
1282 2737 1357 2776 100
1381 2735 1475 2776 duc.

299 2799 340 2834 R.
361 2810 417 2843 ap.
439 2800 475 2833 s.
497 2801 545 2834 M.
565 2801 614 2835 M.
636 2801 701 2836 vn
720 2801 767 2835 id.
789 2801 867 2835 Oct.
891 2803 971 2837 1631
992 2802 1031 2834 P.
1052 2813 1110 2835 an.
1130 2802 1192 2837 IX.

1526 2911 1616 2955 Req.
1637 2911 1725 2945 buu.
1753 2911 1808 2943 VI.
1831 2912 1885 2946 69.

382 3020 487 3064 126.
521 3017 573 3060 A.
598 3017 643 3060 P.
669 3016 719 3062 R.
745 3017 803 3060 M.
830 3027 937 3064 Cum
958 3022 1076 3065 sicut
1095 3028 1367 3077 accepimus.
1391 3045 1417 3051 —
1454 3019 1612 3062 Urban.
1638 3018 1739 3060 VIII
1768 3033 1888 3073 regu-
