1989 3252
344 145 477 190 Alex.
501 147 608 190 VII.
1015 172 1070 178 -—
1098 149 1179 190 382
1210 172 1260 177 -—
1798 153 1927 196 1666.

427 234 499 277 86.
535 239 718 289 Expom'
737 237 866 278 nobis
886 250 1036 291 nuper
1075 262 1100 265 —
1122 236 1241 277 Alex.
1269 236 1347 277 VII
1369 235 1580 277 Ludovico
1602 236 1793 279 Gaultier
1812 238 1929 279 Pari-

343 304 467 355 sien.,
490 303 590 344 olim
628 306 784 347 novitio
819 306 1083 349 Carthusien.
1108 308 1207 349 Ord.
1240 309 1313 350 sed
1346 308 1604 350 medicorum
1639 309 1794 351 iudicio
1830 311 1928 352 inde

343 375 484 427 egredi
505 381 668 427 coacto,
690 376 864 418 Parisiis
894 378 972 419 hoc
1002 379 1086 420 fine
1107 381 1151 420 in
1172 380 1331 421 Urbem
1351 381 1535 422 venienti
1567 381 1813 423 facultatem
1833 396 1929 425 con—

343 445 454 486 cedit
475 446 737 499 ingrediendi
757 447 800 490 S.
822 448 857 490 Ι.

343 511 385 546 R.
405 522 462 555 ap.
484 512 520 546 S.
542 513 591 547 M.
612 513 661 547 M.
681 514 712 548 V
730 513 807 548 Ian.
829 517 914 549 1665
932 515 973 549 P.
994 526 1052 550 an.
1073 516 1119 551 Χ.

1550 628 1641 672 Rey.
1661 628 1749 662 bull.
1775 629 1833 663 VI.
1856 631 1929 664 182.

426 736 499 778 87.
533 732 572 774 N
575 733 734 774 icolaus
756 736 1025 776 miseratione
1047 735 1116 776 div
1154 736 1221 776 tit.
1246 736 1288 778 S.
1308 736 1364 777 M.
1387 737 1640 790 Angelorum
1661 737 1702 780 S.
1723 737 1771 779 R.
1792 738 1842 780 E.
1862 753 1924 792 pr.

343 803 466 845 Card.
490 804 739 846 Ludovisius
760 807 1009 858 provinciali
1030 806 1071 848 S.
1095 806 1131 848 I.
1154 821 1270 860 prOV.
1293 807 1500 861 Paraguai
1521 809 1564 849 in
1584 808 1677 850 Ind.
1702 809 1799 850 Oce.
1821 823 1931 851 com-

342 877 475 917 mittit
503 881 550 916 ut
583 891 678 917 cum
701 864 859 918 Ioanne
881 878 931 918 (le
954 877 1109 920 Triaria
1143 879 1280 920 incola
1316 893 1430 932 prov,
1455 879 1661 932 Paraguai
1685 894 1806 921 nunc.
1832 881 1928 922 reli-

341 948 506 999 gionem
543 947 584 989 S.
609 948 644 989 I.
676 949 879 1001 ingresso,
902 949 1013 991 bona
1046 950 1129 991 fide
1164 964 1245 990 non
1279 956 1456 1003 putante
1490 952 1702 1004 accepisse
1737 951 1929 994 habitum

341 1019 515 1061 alterius
532 1020 747 1073 religionis
763 1034 855 1062 esse
876 1021 1225 1074 impedimentum
1247 1022 1483 1074 essentiale,
1507 1036 1602 1063 cum
1622 1036 1697 1075 per
1717 1024 1741 1063 3
1763 1036 1928 1064 menses

343 1090 534 1132 habitum
571 1091 612 1133 S.
638 1091 705 1133 Fr.
729 1097 948 1145 gestasset,
972 1093 1015 1133 in
1049 1100 1229 1146 utroque
1264 1093 1353 1134 foro
1388 1092 1618 1146 dispenset,
1641 1095 1676 1134 si
1711 1093 1771 1134 sic
1792 1094 1928 1136 visum

339 1164 482 1205 fuerit.

340 1231 380 1264 R.
402 1241 458 1274 ap.
478 1230 513 1263 S.
535 1231 575 1264 P.
596 1231 680 1266 XIII
700 1230 777 1265 kal.
798 1231 864 1266 Iul.
887 1234 972 1267 1665
992 1231 1032 1266 P.
1052 1232 1154 1266 Alex.
1176 1232 1413 1267 V11.an.X1.

1512 1342 1597 1383 Ray.
1619 1342 1707 1376 buu.
1732 1342 1789 1376 VI.
1814 1345 1875 1376 182
1893 1342 1930 1376 b.

419 1453 491 1495 88.
526 1449 674 1502 Congr.
695 1449 737 1491 S.
762 1450 845 1491 Rit.
865 1475 891 1480 -
907 1449 1131 1491 Decretum
1153 1464 1234 1504 quo
1256 1450 1515 1503 approbatur
1535 1450 1683 1492 electio
1705 1450 1747 1493 S.
1772 1450 1922 1493 Franc.

338 1520 442 1562 XaV.
468 1523 511 1562 in
533 1528 853 1575 compatronum
876 1523 956 1563 civ.
981 1521 1150 1563 Bastiae
1171 1522 1213 1563 in
1237 1521 1418 1563 Corsica.

333 1590 352 1621 3
368 1588 434 1623 Iul.
458 1590 553 1622 1665.

1666 1698 1819 1733 Elem-h.
1839 1700 1928 1734 bull.

422 1822 494 1864 85).
530 1822 782 1875 Relzywms
803 1821 940 1862 zelus.
974 1843 1000 1848 -
1021 1817 1144 1859 Alex.
1165 1817 1246 1858 VH
1269 1817 1491 1859 Vincentio
1512 1818 1758 1872 Desperami
1779 1818 1885 1872 prof.
1902 1819 1930 1859 4

337 1897 422 1932 vot.
448 1891 490 1931 in
520 1890 561 1932 S.
587 1890 640 1942 I.‚
665 1892 717 1932 35
753 1890 873 1930 annis
895 1890 1060 1941 maiori,
1083 1889 1134 1931 ad
1157 1889 1254 1930 Ord.
1280 1889 1362 1930 FF.
1385 1888 1425 1931 S.
1450 1889 1620 1931 Ioannis
1647 1889 1723 1930 Dei
1744 1890 1925 1931 transire

336 1962 540 2014 cupienti,
563 1961 810 2002 facultatem
832 1961 943 2002 hanc
959 1960 1161 2013 indulget,
1185 1961 1474 2002 consentiente
1493 1961 1645 2014 Praep.
1663 1959 1768 2002 Gen.
1793 1960 1832 2001 d.
1857 1959 1920 2013 S.,

332 2032 434 2074 licet
453 2037 573 2073 aetas
593 2032 940 2085 impedimentum
961 2033 1004 2072 in
1025 2032 1066 2073 d.
1091 2030 1189 2072 Ord.
1213 2031 1283 2072 sit.

336 2100 376 2134 R.
396 2099 509 2142 a1›.S.
534 2100 579 2132 M.
600 2100 649 2134 M.
670 2099 757 2133 XIX
779 2099 862 2133 Dec.
888 2101 967 2134 1665
986 2099 1027 2132 P.
1048 2110 1106 2133 an.
1126 2098 1190 2133 XI.

1544 2209 1634 2250 Κεφ.
1654 2207 1741 2241 bull.
1771 2207 1826 2241 VI.
1847 2210 1922 2242 183.

411 2333 485 2376 90.
514 2338 620 2374 Cum
645 2346 726 2373 7208
746 2337 786 2373 ce
805 2346 889 2386 per·
908 2334 1041 2374 alias.
1062 2355 1088 2360 -
1106 2330 1225 2371 Alex.
1247 2329 1326 2370 VII
1346 2342 1418 2382 per
1438 2328 1663 2382 Iosephum
1680 2341 1703 2368 a
1721 2327 1762 2369 S.
1782 2327 1918 2368 Maria

331 2403 573 2454 episcopum
597 2401 868 2455 Hierapolit.,
891 2402 1033 2455 Apost.
1053 2400 1172 2442 Sedis
1188 2402 1231 2441 in
1253 2400 1400 2440 insulis
1418 2399 1548 2440 Maris
1564 2399 1708 2451 Aegei,
1726 2399 1919 2439 Zacinthi

330 2478 373 2514 et
394 2472 679 2526 Cephaloniae
700 2473 880 2527 aliisque
897 2473 998 2514 locis
1014 2472 1306 2514 adiacentibus
1324 2471 1613 2522 Visitatorem,
1632 2469 1918 2523 superioribus

329 2545 370 2587 S.
396 2545 429 2586 Ι.
456 2546 498 2585 in
520 2545 604 2585 illis
625 2545 816 2598 partibus
835 2545 1007 2586 mandat
1023 2550 1069 2586 ut
1090 2545 1375 2585 visitationem
1392 2543 1598 2596 recipiant
1614 2546 1655 2583 et
1671 2542 1912 2583 admittant.

329 2612 369 2645 R.
390 2623 450 2654 ap.
470 2612 502 2645 S.
530 2611 782 2646 M.1x1.111111.
805 2615 889 2648 1666
909 2612 948 2646 P.
969 2623 1028 2646 an.
1047 2612 1127 2646 XII.

327 2720 432 2754 Ball.
454 2719 559 2754 Rom.
589 2739 610 2743 -
644 2720 742 2753 Bulz.
765 2723 809 2753 de
825 2731 930 2761 prop⁴
952 2719 1026 2759 fide
1046 2718 1065 2751 I
1094 2722 1170 2754 372.

413 2842 485 2885 91.
520 2848 629 2884 Cum
655 2846 745 2883 Nos
764 2846 817 2882 le.
841 2864 867 2869 —
887 2838 1008 2879 Alex,
1034 2837 1116 2878 VII
1137 2837 1339 2878 Ioannem
1357 2837 1481 2878 Ever.
1502 2837 1762 2878 Nidhardnm
1778 2835 1917 2889 presb.

337 2926 420 2964 reg.
447 2911 487 2952 S.
512 2910 566 2962 I.,
589 2924 730 2963 gener.
755 2909 1054 2963 Inquisitorem
1076 2910 1117 2949 in
1139 2908 1345 2950 Castellae
1376 2913 1417 2948 et
1445 2907 1639 2961 Legionis
1660 2908 1921 2960 caeterisque

331 2982 634 3038 Hispaniarum
684 2982 873 3037 regnis...
913 2980 1062 3022 Carolo
1113 2980 1199 3035 regi
1240 2979 1352 3021 cath.
1396 2979 1595 3021 subiectis
1629 2979 1918 3031 constitutum,
