1989 3252
256 175 396 219 Pauli
415 174 470 219 V.
922 197 977 202 —
1005 174 1086 214 264
1113 195 1169 202 —
1714 140 1839 218 1613.

346 263 442 308 135.
476 263 687 317 Imposita·
721 262 864 304 nobis.
898 285 923 291 —
960 260 1081 302 Pauli
1117 259 1152 301 V
1191 259 1323 301 Breve
1357 259 1679 301 declaratorium
1718 273 1843 313 super

264 332 530 386 exemptione
550 330 593 374 S.
616 332 650 374 Ι.
675 345 701 373 a
722 332 908 383 decimis,
932 336 974 374 et
993 337 1120 386 quota
1149 345 1293 374 earum
1324 331 1544 373 dumtaxat
1572 330 1770 373 solvenda
1799 331 1843 372 in

266 405 403 458 regnis
423 403 592 457 Portug.
617 407 660 445 et
678 402 986 457 Algarbiorum.

265 470 391 506 XXIII
406 471 494 514 Apr.
514 472 610 506 1613.

1593 563 1743 599 E'Zench.
1760 564 1848 599 bull.

350 671 452 717 136.
487 670 535 711 A.
559 669 606 712 P.
630 669 680 711 R.
705 669 764 711 M.
792 677 899 714 Cum
920 676 1034 714 siout
1055 678 1328 726 accepimus.
1350 695 1376 700 -
1405 669 1522 711 Paul.
1555 668 1592 711 V
1622 669 1849 710 confrater-

272 742 396 783 nitati
426 742 580 783 civium
611 742 791 782 militum
814 741 1044 783 incolarum
1069 741 1145 783 sub
1166 742 1428 783 invocatione
1457 741 1506 784 Β.
1530 741 1588 783 M.
1613 740 1663 782 V.
1689 740 1739 782 de
1769 741 1852 782 vic-

272 815 382 856 toria
411 818 677 867 nuncupatae
707 815 749 854 in
780 814 958 855 ecclesia
987 813 1028 855 S.
1054 814 1198 855 Crucis
1218 814 1315 856 coll.
1338 813 1567 868 lngolstad.
1588 813 1630 855 S.
1656 812 1691 855 I.
1716 812 1849 854 dioec.

271 885 554 939 Eystattensis
576 890 742 927 erectae
763 885 1045 939 indulgentias
1065 884 1254 939 largitur.

272 952 315 986 R.
334 963 392 995 ap.
413 951 449 987 S.
470 952 517 985 M.
541 951 606 986 V11
622 952 702 987 Iun.
723 954 806 987 1613
824 952 865 986 P.
884 963 943 985 an.
966 952 1027 986 IX.

1149 1063 1276 1097 Fund.
1296 1061 1422 1097 Germ.
1440 1073 1563 1103 super.
1582 1062 1632 1102 H,
1650 1061 1856 1106 Inyolstad.

359 1174 454 1218 137.
490 1178 572 1216 His
593 1187 709 1228 quae
726 1187 812 1227 pro
833 1174 1023 1215 abbatis.
1046 1196 1072 1202 -
1091 1170 1210 1213 Paul.
1235 1170 1270 1212 V
1301 1170 1522 1212 Francisco
1553 1171 1713 1225 Laquei
1742 1184 1860 1225 prae-

279 1257 368 1298 pos.
411 1257 558 1285 canon.
600 1244 642 1284 S.
682 1242 828 1284 Crucis
868 1242 1098 1297 Musiponti
1132 1247 1173 1284 et
1208 1242 1375 1284 officiali
1414 1241 1566 1285 Meten.
1605 1242 1776 1284 mandat
1815 1247 1863 1284 ut

279 1316 452 1357 attentis
472 1316 552 1356 litt.
574 1314 694 1356 Pauli
714 1314 756 1356 ΙΙ
780 1322 885 1359 Cum
910 1323 957 1359 z‘n
977 1318 1187 1360 omnzlms
1209 1318 1406 1365 auctions,
1424 1315 1674 1356 confirment
1693 1328 1863 1356 concor-

281 1387 393 1429 diam
415 1388 524 1430 inter
553 1386 749 1429 Carolum
780 1387 976 1429 abbatem
1006 1401 1117 1429 mon.
1150 1386 1383 1429 Gorziensis
1413 1387 1460 1429 O.
1495 1387 1534 1429 S.
1567 1386 1670 1428 Ben.
1706 1387 1861 1428 Meten.

283 1459 417 1502 dioec.
449 1464 492 1501 et
520 1464 624 1501 rect.
656 1459 752 1501 coll.
787 1459 828 1501 S.
862 1459 896 1501 I.
928 1459 1179 1513 Mussiponti
1207 1459 1349 1513 oppidi
1379 1458 1544 1501 Tullen.
1577 1458 1710 1500 dioec.
1741 1472 1867 1512 super

284 1532 511 1573 refectione
532 1531 777 1573 damnorum
801 1545 853 1572 ex
872 1532 1179 1573 constructione
1200 1532 1296 1573 novi
1317 1530 1545 1572 molendini
1572 1544 1646 1584 per
1675 1530 1714 1572 d.
1739 1530 1867 1572 abba-

283 1609 368 1645 tem
391 1604 433 1644 in
454 1604 495 1645 d.
519 1617 598 1657 opp
629 1602 679 1644 de
697 1609 869 1656 repente
885 1604 1134 1654 constructi3
1156 1617 1215 1643 vz.
1237 1609 1373 1645 rector
1388 1602 1556 1644 abdicat
1572 1616 1693 1644 suum
1709 1602 1868 1643 molen-

286 1675 430 1716 dinum
453 1689 507 1716 ex
528 1675 647 1716 euius
668 1674 938 1728 proventibus
959 1680 1056 1716 ante
1074 1675 1169 1715 novi
1191 1674 1542 1716 constructionem
1566 1676 1644 1715 144
1663 1674 1868 1715 sextarios

285 1748 417 1789 tritici
447 1748 661 1801 proripere
692 1752 995 1799 consueverat3
1028 1746 1159 1788 abbas
1189 1750 1394 1788 rectorem
1425 1745 1477 1787 ab
1504 1759 1630 1788 onere
1651 1745 1869 1787 solutionis

287 1833 360 1861 seu
383 1819 678 1873 praestationis
698 1832 864 1860 annuae
887 1820 938 1859 64
968 1819 1246 1860 sextariorum
1275 1818 1490 1869 frumenti,
1521 1818 1681 1859 ratione
1712 1817 1870 1858 molen-

289 1890 377 1932 dini
407 1904 637 1945 pauperum
668 1890 867 1944 hospitali
898 1889 1080 1942 debitae,
1102 1890 1266 1942 eximit,
1289 1889 1362 1931 sed
1395 1890 1485 1943 ipse
1520 1903 1612 1931 eam
1653 1889 1800 1941 solvet,
1831 1892 1873 1930 et

289 1968 508 2016 praeterea
527 1964 607 2004 200
628 1962 678 2004 fr.
705 1964 774 2016 (40
797 1961 912 2014 duc.)
929 1962 1084 2003 rectori
1104 1963 1344 2016 quotannis,
1367 1966 1447 2004 etc.

290 2030 332 2064 R.
352 2040 410 2073 ap.
432 2029 467 2064 S.
488 2029 540 2065 Μ.
558 2029 681 2065 XVIII
696 2028 770 2063 kal.
790 2029 858 2064 Iul.
880 2031 964 2064 1613
979 2029 1021 2064 P.
1041 2040 1100 2064 an.
1118 2029 1183 2065 IX.

1500 2123 1588 2167 Req.
1608 2122 1697 2157 bull.
1714 2122 1779 2156 IV.
1799 2125 1876 2158 206.

375 2236 472 2280 138.
506 2231 556 2274 A.
581 2231 630 2274 F.
654 2232 704 2274 R.
729 2231 787 2274 M.
812 2238 1049 2277 Iniunctae
1068 2234 1197 2277 nobis
1217 2234 1429 2277 debitum.
1454 2256 1479 2262 -
1499 2230 1619 2273 Paul.
1639 2229 1676 2271 V
1696 2230 1881 2272 declarat

294 2305 459 2346 litteras
480 2304 530 2345 de
551 2304 774 2346 concordia
804 2305 914 2346 inter
943 2304 1065 2346 Prov.
1101 2302 1140 2345 S.
1174 2303 1208 2345 I.
1233 2303 1443 2345 Castellae
1472 2316 1587 2357 prov.
1611 2307 1652 2343 et
1680 2301 1880 2344 Ioannem

295 2376 488 2427 Quixada
518 2376 604 2427 (cfr.
642 2378 737 2429 132)
769 2375 940 2430 perinde
969 2376 1109 2417 valere
1144 2389 1192 2417 ac
1227 2376 1261 2416 si
1309 2374 1508 2429 oppidum
1539 2374 1589 2416 de
1623 2373 1883 2426 Villamayor

298 2448 523 2502 Legionen.
549 2448 682 2490 dioec.
707 2449 887 2490 existere
908 2452 991 2489 etc.
1015 2461 1258 2502 expressum
1279 2447 1436 2488 fuisset.

300 2516 344 2550 R.
364 2527 421 2559 ap.
443 2515 480 2550 S.
501 2515 592 2550 Mar.
614 2514 746 2549 Maior.
767 2515 802 2549 X
821 2514 894 2548 kal.
914 2516 1008 2558 Aug.
1029 2518 1112 2550 1613
1130 2515 1170 2549 Ρ.
1191 2525 1249 2549 an.
1269 2514 1322 2549 IX

1476 2623 1561 2665 Rey.
1582 2623 1668 2656 buu.
1687 2621 1752 2661 JV,
1770 2624 1830 2656 201
1852 2622 1885 2655 b.

388 2737 486 2781 139.
520 2733 571 2775 A.
596 2733 641 2775 P.
667 2732 718 2775 R.
744 2732 802 2774 M.
833 2740 905 2776 Em
929 2735 1180 2789 pastorales
1208 2736 1360 2787 officii.
1393 2756 1418 2762 -
1447 2730 1569 2772 Paul.
1603 2730 1638 2771 V
1669 2730 1889 2772 confirmat

308 2805 572 2849 concordiam
596 2806 703 2846 inter
722 2804 991 2859 Episcopum,
1016 2804 1161 2845 decan.
1194 2808 1236 2845 et
1261 2803 1492 2857 capitulum
1524 2801 1625 2844 eccl.
1653 2802 1887 2844 Placentin.

310 2878 550 2932 provinciae
579 2876 902 2930 Compostellan.
927 2890 976 2917 ac
1005 2881 1210 2918 rectorem
1240 2875 1337 2916 coll.
1361 2874 1401 2916 S.
1426 2874 1461 2916 I.
1485 2873 1718 2915 Placentin.
1742 2874 1890 2914 initam

313 2949 364 2991 de
386 2954 427 2990 et
447 2962 573 3002 super
592 2948 801 2990 solutione
822 2947 1098 2999 decimarum,
1122 2960 1224 3001 quas
1245 2947 1317 2988 alii
1337 2947 1499 2988 ratione
1530 2945 1731 2987 bonorum
1761 2944 1889 2986 stabi-

315 3021 418 3063 lium
435 3034 461 3062 a
477 3019 517 3063 d.
537 3025 699 3062 rectore
719 3019 878 3073 deberi,
901 3021 990 3074 ipse
1009 3024 1145 3061 rector
1160 3020 1299 3073 vigore
1320 3017 1629 3073 privilegiorum
1649 3030 1732 3058 non
1753 3015 1894 3058 deberi
