1989 3252
292 173 438 216 Clem.
461 171 547 216 XI.
961 195 1013 201 --
1042 171 1124 211 448
1163 196 1203 200 —
1749 171 1884 217 1717.

292 259 497 310 homines,
520 258 700 311 iniungit
729 262 776 298 ut
805 256 1001 310 Philippo
1021 256 1126 298 Duci
1159 257 1454 298 Aurelianensi
1485 255 1664 309 aliisque
1695 262 1877 297 mentem

292 328 332 370 S.
357 329 574 370 Pontificis
595 328 781 370 declaret
810 334 853 369 et
882 327 951 369 dd.
979 328 1193 381 religiosos
1213 328 1266 368 ab
1297 327 1430 380 impia
1456 327 1677 368 vexatione
1704 326 1879 369 liberari

294 404 427 441 curet.

293 465 334 500 R.
356 466 403 500 VI
422 466 535 501 Mart.
558 468 652 501 1717.

294 577 405 611 Clem.
426 576 523 612 XI...
542 580 642 620 epist.

373 704 469 746 101.
504 700 632 754 Cong.
658 715 690 742 s.
716 701 784 742 rit.
809 707 853 742 et
873 700 958 742 ind.
979 725 1004 731 —
1022 699 1271 742 Rectoribus
1292 700 1561 753 collegiorum
1583 703 1626 741 et
1654 698 1874 740 domorum

291 769 331 811 S.
356 770 391 812 I.
417 772 460 812 in
496 771 636 813 Gallia
666 772 908 824 petentibus
943 771 997 813 ad
1032 772 1299 824 septennium
1335 770 1422 812 ind.
1447 770 1557 824 plen.
1582 771 1636 810 24
1667 769 1770 810 Maii
1805 782 1879 822 pro

290 843 397 884 festo
418 843 466 885 B.
491 843 661 885 Ioannis
682 842 831 885 Franc.
857 843 998 896 Regis,
1022 843 1237 896 respondit
1262 857 1269 882 :
1293 841 1516 883 Gaudeant
1536 841 1787 894 impetratis.

290 914 309 943 4
327 910 414 952 Apr.
436 912 532 945 1717.

1734 1018 1879 1051 Bullae.

374 1132 475 1175 102.
510 1133 754 1186 szyularz·
772 1133 963 1185 yamtz'o.
983 1152 1009 1158 -
1023 1127 1155 1170 Clem.
1176 1126 1237 1168 XI
1254 1126 1371 1169 Czari
1388 1132 1430 1169 et
1447 1140 1597 1180 magno
1612 1126 1721 1168 Duci
1739 1126 1880 1177 Petro,

289 1204 509 1244 universae
539 1214 733 1254 magnae,
757 1213 911 1254 parvae
941 1206 985 1241 et
1004 1199 1126 1241 albae
1162 1199 1338 1240 Russiae
1360 1198 1632 1250 autocratori‚
1655 1198 1728 1252 qui
1758 1210 1883 1250 supe-

290 1273 471 1315 rioribus
491 1274 614 1314 annis
637 1272 788 1313 ducem
821 1272 1030 1313 Borisium
1052 1270 1320 1312 Kurakinum
1342 1270 1395 1311 acl
1416 1284 1461 1312 se
1491 1283 1586 1311 cum
1607 1269 1760 1310 litteris
1780 1269 1882 1310 alle-

288 1346 416 1399 gavit,
434 1350 600 1398 gratum
616 1345 729 1385 anim
737 1357 805 1385 um
821 1344 976 1397 promit
992 1342 1103 1397 quod
1124 1342 1389 1383 constituerit
1404 1342 1586 1383 liberum
1603 1346 1646 1383 et
1665 1340 1881 1394 publicum

291 1431 394 1459 rom.
420 1416 632 1469 religionis
668 1415 915 1457 exercitium
952 1415 995 1455 in
1032 1415 1228 1455 universa
1258 1413 1420 1455 ditione
1442 1415 1689 1467 permittere
1719 1419 1762 1454 et
1798 1414 1882 1453 iam

291 1488 531 1541 permiserit
561 1489 603 1528 in
625 1488 798 1528 civitate
829 1486 1003 1528 Moscua
1024 1486 1351 1539 cappucinorum
1375 1490 1626 1526 conventum
1649 1483 1817 1525 fundari
1840 1488 1882 1523 et

289 1560 393 1612 erigi
415 1559 641 1600 ecclesiam
663 1563 705 1599 et
725 1557 881 1599 donum
904 1570 978 1611 pro
1000 1556 1041 1598 S.
1066 1555 1099 1598 I.
1126 1570 1209 1597 una
1230 1570 1326 1597 curn
1348 1556 1594 1609 gymnasiis.

292 1625 330 1659 R.
353 1625 422 1660 XII
443 1624 528 1659 Maii
552 1627 635 1659 1717
652 1624 693 1659 P.
714 1635 774 1659 an.
795 1624 909 1659 XVII.

288 1737 358 1771 Iul.
380 1736 542 1779 Poqicmi
561 1747 615 1777 ep.
635 1735 686 1769 II.
709 1736 782 1769 173.
802 1753 845 1758 ———
864 1734 976 1768 Clem.
995 1733 1055 1768 XI
1069 1738 1171 1777 epist.

370 1865 473 1909 103.
508 1867 555 1904 Ε’
578 1863 905 1917 inesplz'cabz'le.
929 1884 955 1889 -
975 1859 1108 1900 Clem.
1134 1857 1193 1899 XI
1223 1857 1258 1900 I.
1293 1857 1415 1911 Bapt.
1440 1857 1612 1899 Salerno
1643 1857 1683 1899 S.
1708 1857 1743 1899 I.
1775 1871 1877 1910 gau-

290 1934 406 1975 dium
428 1947 551 1974 suum
572 1932 746 1986 exponit
766 1944 819 1972 ex
849 1931 940 1972 eius
962 1930 1095 1971 literis
1126 1930 1176 1970 de
1198 1928 1317 1970 felice
1338 1930 1427 1970 eius
1458 1930 1501 1969 in
1527 1929 1627 1970 aula
1648 1928 1878 1970 Viennensi

291 2005 574 2058 negotiatione
596 2008 855 2057 perceptum,
878 2001 930 2042 de
950 2014 1033 2055 quo
1054 2014 1080 2041 a
1100 2000 1149 2042 P.
1173 2001 1360 2041 Guarino
1381 1999 1640 2041 edocebitur.

289 2072 334 2108 R.
354 2071 400 2106 VI
421 2071 501 2104 Oct.
525 2071 620 2105 1717.

290 2193 402 2228 Clem.
423 2193 520 2227 XI..
541 2196 646 2236 epist.

374 2320 475 2363 104.
510 2320 686 2360 Benolze
704 2323 853 2359 siamo
872 2321 1000 2358 certe.
1023 2338 1049 2344 -
1069 2314 1200 2355 Clem.
1225 2312 1285 2354 XI
1307 2312 1519 2354 Friderico
1539 2314 1645 2366 Aug.
1670 2312 1876 2354 Saxoniae

290 2391 411 2442 Duci,
435 2388 620 2441 Principi
644 2387 755 2440 regio
778 2386 976 2428 Poloniae
997 2391 1040 2427 et
1060 2385 1277 2427 electorali
1305 2384 1514 2426 Saxoniae
1534 2384 1734 2437 gaudium
1755 2397 1877 2424 suum

289 2461 498 2515 significat
518 2473 571 2501 ex
605 2458 759 2500 litteris
780 2457 829 2500 P.
852 2457 1025 2499 Salerno
1061 2456 1113 2498 de
1133 2457 1246 2498 felici
1282 2458 1541 2509 negotiorum
1562 2456 1679 2497 exitu
1705 2468 1876 2508 percep-

288 2539 377 2574 tum
400 2549 409 2585 ;
431 2531 555 2586 plura
573 2544 600 2572 a
620 2530 667 2572 P.
691 2530 855 2583 Ignatio
876 2530 1067 2581 Guarini‚
1090 2528 1221 2569 latore
1242 2529 1543 2582 praesentium,
1567 2532 1803 2580 cognoscet.

288 2602 332 2635 R.
349 2610 409 2642 ap.
429 2598 467 2634 S.
489 2599 535 2633 M.
559 2598 609 2634 M.
629 2597 677 2632 VI
694 2597 772 2631 Oct.
792 2598 888 2631 1717.

289 2726 403 2759 Clem.
421 2723 481 2759 XI
491 2726 601 2767 epist.

371 2854 470 2896 105.
501 2857 652 2894 Nz'uno
671 2853 838 2907 meylio
857 2852 906 2893 di
925 2851 1021 2893 Lei.
1043 2871 1070 2878 -
1098 2847 1233 2890 Clem.
1255 2846 1315 2888 XI
1350 2848 1513 2889 loanni.
1553 2846 1675 2900 Bapt.
1700 2845 1872 2888 Salerno

288 2922 333 2967 S.
363 2921 398 2964 I.
434 2920 633 2974 gaudium
669 2933 792 2961 suum
824 2919 927 2961 dicit
959 2918 1011 2961 de
1044 2918 1248 2961 facultate
1282 2918 1527 2972 publicandi
1561 2918 1872 2959 conversionem

287 2993 495 3046 Principis
516 2991 567 3035 de
594 2991 808 3044 saxonia3
841 2991 953 3046 quod
982 2992 1027 3031 11
1062 2990 1187 3032 huius
1217 2991 1373 3031 mensis
1402 2991 1446 3030 in
1475 2989 1723 3031 consistorio
1752 3001 1871 3042 prae·
