<?xml version="1.0" encoding="UTF-8"?>
<!DOCTYPE html PUBLIC "-//W3C//DTD XHTML 1.0 Transitional//EN"
    "http://www.w3.org/TR/xhtml1/DTD/xhtml1-transitional.dtd">
<html xmlns="http://www.w3.org/1999/xhtml" xml:lang="en" lang="en">
 <head>
  <title>
</title>
<meta http-equiv="Content-Type" content="text/html;charset=utf-8" />
  <meta name='ocr-system' content='tesseract 3.04.00' />
  <meta name='ocr-capabilities' content='ocr_page ocr_carea ocr_par ocr_line ocrx_word'/>
</head>
<body>
  <div class='ocr_page' id='page_1' title='image "./synopsisactorums02delp_0060.png"; bbox 0 0 1989 3252; ppageno 0'>
   <div class='ocr_carea' id='block_1_1' title="bbox 262 171 1901 595">
    <p class='ocr_par' dir='ltr' id='par_1_1' title="bbox 262 171 1850 220">
     <span class='ocr_line' id='line_1_1' title="bbox 262 171 1850 220; baseline 0.003 -5"><span class='ocrx_word' id='word_1_1' title='bbox 262 172 402 215; x_wconf 80' lang='lat' dir='ltr'>Pauli</span> <span class='ocrx_word' id='word_1_2' title='bbox 423 172 476 215; x_wconf 86' lang='lat' dir='ltr'>V.</span> <span class='ocrx_word' id='word_1_3' title='bbox 934 200 988 204; x_wconf 93' lang='lat'><strong>—</strong></span> <span class='ocrx_word' id='word_1_4' title='bbox 1019 171 1098 213; x_wconf 81' lang='grc'>276</span> <span class='ocrx_word' id='word_1_5' title='bbox 1133 200 1185 204; x_wconf 87' lang='lat'><strong>—</strong></span> <span class='ocrx_word' id='word_1_6' title='bbox 1724 175 1850 220; x_wconf 77' lang='lat'><strong>1616.</strong></span> 
     </span>
    </p>

    <p class='ocr_par' dir='ltr' id='par_1_2' title="bbox 262 257 1901 595">
     <span class='ocr_line' id='line_1_2' title="bbox 343 257 1851 314; baseline 0.003 -16"><span class='ocrx_word' id='word_1_7' title='bbox 343 260 437 303; x_wconf 78' lang='grc'>181.</span> <span class='ocrx_word' id='word_1_8' title='bbox 478 259 526 298; x_wconf 88' lang='lat' dir='ltr'>A.</span> <span class='ocrx_word' id='word_1_9' title='bbox 564 257 611 299; x_wconf 90' lang='lat' dir='ltr'>F.</span> <span class='ocrx_word' id='word_1_10' title='bbox 649 257 699 298; x_wconf 90' lang='lat' dir='ltr'>R.</span> <span class='ocrx_word' id='word_1_11' title='bbox 740 257 796 299; x_wconf 91' lang='lat' dir='ltr'>M.</span> <span class='ocrx_word' id='word_1_12' title='bbox 833 266 1068 303; x_wconf 72' lang='lat' dir='ltr'>Romanus</span> <span class='ocrx_word' id='word_1_13' title='bbox 1097 262 1333 314; x_wconf 62' lang='lat' dir='ltr'>Pontifex.</span> <span class='ocrx_word' id='word_1_14' title='bbox 1371 284 1396 289; x_wconf 97' lang='lat'>—</span> <span class='ocrx_word' id='word_1_15' title='bbox 1429 259 1551 301; x_wconf 91' lang='lat' dir='ltr'>Paul.</span> <span class='ocrx_word' id='word_1_16' title='bbox 1586 259 1638 312; x_wconf 88' lang='lat' dir='ltr'>V,</span> <span class='ocrx_word' id='word_1_17' title='bbox 1662 260 1713 302; x_wconf 91' lang='lat' dir='ltr'>de</span> <span class='ocrx_word' id='word_1_18' title='bbox 1752 261 1851 303; x_wconf 90' lang='lat' dir='ltr'>fidei</span> 
     </span>
     <span class='ocr_line' id='line_1_3' title="bbox 262 328 1850 384; baseline 0.001 -14"><span class='ocrx_word' id='word_1_19' title='bbox 262 328 495 370; x_wconf 87' lang='lat' dir='ltr'>catholicae</span> <span class='ocrx_word' id='word_1_20' title='bbox 517 329 557 368; x_wconf 86' lang='lat' dir='ltr'>in</span> <span class='ocrx_word' id='word_1_21' title='bbox 580 328 729 369; x_wconf 89' lang='lat' dir='ltr'>insulis</span> <span class='ocrx_word' id='word_1_22' title='bbox 750 330 954 382; x_wconf 85' lang='lat' dir='ltr'>iaponicis</span> <span class='ocrx_word' id='word_1_23' title='bbox 974 331 1231 371; x_wconf 82' lang='lat' dir='ltr'>incremento</span> <span class='ocrx_word' id='word_1_24' title='bbox 1252 330 1450 383; x_wconf 88' lang='lat' dir='ltr'>gaudens,</span> <span class='ocrx_word' id='word_1_25' title='bbox 1473 331 1850 384; x_wconf 79' lang='lat' dir='ltr'>supplicationibus</span> 
     </span>
     <span class='ocr_line' id='line_1_4' title="bbox 262 398 1852 455; baseline 0.003 -16"><span class='ocrx_word' id='word_1_26' title='bbox 262 400 432 440; x_wconf 90' lang='lat' dir='ltr'>nomine</span> <span class='ocrx_word' id='word_1_27' title='bbox 454 398 493 440; x_wconf 91' lang='lat' dir='ltr'>b.</span> <span class='ocrx_word' id='word_1_28' title='bbox 519 413 575 440; x_wconf 93' lang='lat' dir='ltr'>m.</span> <span class='ocrx_word' id='word_1_29' title='bbox 600 399 738 440; x_wconf 89' lang='lat' dir='ltr'>ultimi</span> <span class='ocrx_word' id='word_1_30' title='bbox 759 401 945 453; x_wconf 75' lang='lat' dir='ltr'>episcopi</span> <span class='ocrx_word' id='word_1_31' title='bbox 966 400 1169 453; x_wconf 74' lang='lat' dir='ltr'>Funayen</span> <span class='ocrx_word' id='word_1_32' title='bbox 1208 402 1251 442; x_wconf 91' lang='lat' dir='ltr'>in</span> <span class='ocrx_word' id='word_1_33' title='bbox 1273 402 1312 443; x_wconf 90' lang='lat' dir='ltr'>d.</span> <span class='ocrx_word' id='word_1_34' title='bbox 1338 402 1486 443; x_wconf 88' lang='lat' dir='ltr'>insulis</span> <span class='ocrx_word' id='word_1_35' title='bbox 1510 404 1712 455; x_wconf 77' lang='lat' dir='ltr'>porrectis</span> <span class='ocrx_word' id='word_1_36' title='bbox 1733 403 1852 444; x_wconf 90' lang='lat' dir='ltr'>incli-</span> 
     </span>
     <span class='ocr_line' id='line_1_5' title="bbox 262 470 1850 527; baseline 0.002 -16"><span class='ocrx_word' id='word_1_37' title='bbox 262 474 402 522; x_wconf 88' lang='lat' dir='ltr'>natus,</span> <span class='ocrx_word' id='word_1_38' title='bbox 434 470 656 511; x_wconf 72' lang='lat' dir='ltr'>facultates</span> <span class='ocrx_word' id='word_1_39' title='bbox 687 471 928 524; x_wconf 82' lang='lat' dir='ltr'>impertitur</span> <span class='ocrx_word' id='word_1_40' title='bbox 958 472 1069 513; x_wconf 89' lang='lat' dir='ltr'>circa</span> <span class='ocrx_word' id='word_1_41' title='bbox 1098 478 1273 525; x_wconf 88' lang='lat' dir='ltr'>peccata</span> <span class='ocrx_word' id='word_1_42' title='bbox 1303 479 1532 526; x_wconf 83' lang='lat' dir='ltr'>reservata,</span> <span class='ocrx_word' id='word_1_43' title='bbox 1566 475 1850 527; x_wconf 88' lang='lat' dir='ltr'>matrimonia,</span> 
     </span>
     <span class='ocr_line' id='line_1_6' title="bbox 262 541 1901 595; baseline 0.002 -13"><span class='ocrx_word' id='word_1_44' title='bbox 262 541 396 582; x_wconf 87' lang='lat' dir='ltr'>altare</span> <span class='ocrx_word' id='word_1_45' title='bbox 415 541 632 594; x_wconf 84' lang='lat' dir='ltr'>portatile,</span> <span class='ocrx_word' id='word_1_46' title='bbox 655 541 866 595; x_wconf 86' lang='lat' dir='ltr'>baptisma</span> <span class='ocrx_word' id='word_1_47' title='bbox 885 548 1005 583; x_wconf 84' lang='lat' dir='ltr'>extra</span> <span class='ocrx_word' id='word_1_48' title='bbox 1025 543 1224 584; x_wconf 89' lang='lat' dir='ltr'>ecclesias</span> <span class='ocrx_word' id='word_1_49' title='bbox 1252 549 1294 585; x_wconf 90' lang='lat' dir='ltr'>et</span> <span class='ocrx_word' id='word_1_50' title='bbox 1324 545 1413 585; x_wconf 89' lang='lat' dir='ltr'>sine</span> <span class='ocrx_word' id='word_1_51' title='bbox 1443 545 1695 586; x_wconf 87' lang='lat' dir='ltr'>ceremoniis</span> <span class='ocrx_word' id='word_1_52' title='bbox 1716 545 1851 586; x_wconf 88' lang='lat' dir='ltr'>solitis</span> <span class='ocrx_word' id='word_1_53' title='bbox 1898 542 1901 544; x_wconf 60' lang='grc'>’</span> 
     </span>
    </p>
   </div>
   <div class='ocr_carea' id='block_1_2' title="bbox 263 612 1853 668">
    <p class='ocr_par' dir='ltr' id='par_1_3' title="bbox 263 612 1853 668">
     <span class='ocr_line' id='line_1_7' title="bbox 263 612 1853 668; baseline 0.002 -15"><span class='ocrx_word' id='word_1_54' title='bbox 263 612 580 665; x_wconf 85' lang='lat' dir='ltr'>conferendum,</span> <span class='ocrx_word' id='word_1_55' title='bbox 604 614 776 654; x_wconf 88' lang='lat' dir='ltr'>missam</span> <span class='ocrx_word' id='word_1_56' title='bbox 812 614 854 653; x_wconf 91' lang='lat' dir='ltr'>in</span> <span class='ocrx_word' id='word_1_57' title='bbox 890 616 1131 666; x_wconf 89' lang='lat' dir='ltr'>praesentia</span> <span class='ocrx_word' id='word_1_58' title='bbox 1149 616 1371 668; x_wconf 84' lang='lat' dir='ltr'>gentilium</span> <span class='ocrx_word' id='word_1_59' title='bbox 1405 616 1719 668; x_wconf 85' lang='lat' dir='ltr'>celebrandam,</span> <span class='ocrx_word' id='word_1_60' title='bbox 1742 616 1853 657; x_wconf 89' lang='lat' dir='ltr'>limi-</span> 
     </span>
    </p>
   </div>
   <div class='ocr_carea' id='block_1_3' title="bbox 263 683 1466 793">
    <p class='ocr_par' dir='ltr' id='par_1_4' title="bbox 263 683 1466 793">
     <span class='ocr_line' id='line_1_8' title="bbox 263 683 1466 728; baseline 0.003 -4"><span class='ocrx_word' id='word_1_61' title='bbox 263 697 364 724; x_wconf 85' lang='lat' dir='ltr'>num</span> <span class='ocrx_word' id='word_1_62' title='bbox 385 683 468 725; x_wconf 89' lang='lat' dir='ltr'>BB.</span> <span class='ocrx_word' id='word_1_63' title='bbox 494 683 609 725; x_wconf 89' lang='lat' dir='ltr'>Petri</span> <span class='ocrx_word' id='word_1_64' title='bbox 629 689 672 725; x_wconf 90' lang='lat' dir='ltr'>et</span> <span class='ocrx_word' id='word_1_65' title='bbox 692 683 813 725; x_wconf 90' lang='lat' dir='ltr'>Pauli</span> <span class='ocrx_word' id='word_1_66' title='bbox 834 685 1131 726; x_wconf 86' lang='lat' dir='ltr'>visitationem.</span> <span class='ocrx_word' id='word_1_67' title='bbox 1157 685 1221 726; x_wconf 91' lang='lat' dir='ltr'>Ad</span> <span class='ocrx_word' id='word_1_68' title='bbox 1244 688 1293 727; x_wconf 83' lang='grc'>15</span> <span class='ocrx_word' id='word_1_69' title='bbox 1317 700 1466 728; x_wconf 77' lang='lat' dir='ltr'>annos,</span> 
     </span>
     <span class='ocr_line' id='line_1_9' title="bbox 263 749 994 793; baseline -0.001 -9"><span class='ocrx_word' id='word_1_70' title='bbox 263 749 305 784; x_wconf 80' lang='lat' dir='ltr'>R.</span> <span class='ocrx_word' id='word_1_71' title='bbox 324 760 369 793; x_wconf 87' lang='lat' dir='ltr'>ap</span> <span class='ocrx_word' id='word_1_72' title='bbox 388 749 425 785; x_wconf 88' lang='lat' dir='ltr'>S.</span> <span class='ocrx_word' id='word_1_73' title='bbox 446 750 486 785; x_wconf 84' lang='lat' dir='ltr'>P.</span> <span class='ocrx_word' id='word_1_74' title='bbox 508 750 556 783; x_wconf 89' lang='lat' dir='ltr'>XI</span> <span class='ocrx_word' id='word_1_75' title='bbox 576 750 665 784; x_wconf 80' lang='lat' dir='ltr'>Maii</span> <span class='ocrx_word' id='word_1_76' title='bbox 683 753 767 785; x_wconf 90' lang='grc'>1616</span> <span class='ocrx_word' id='word_1_77' title='bbox 786 750 827 784; x_wconf 89' lang='grc' dir='ltr'>Ρ.</span> <span class='ocrx_word' id='word_1_78' title='bbox 848 762 907 784; x_wconf 84' lang='lat' dir='ltr'>an.</span> <span class='ocrx_word' id='word_1_79' title='bbox 928 752 994 786; x_wconf 88' lang='lat' dir='ltr'><strong>Xl.</strong></span> 
     </span>
    </p>
   </div>
   <div class='ocr_carea' id='block_1_4' title="bbox 1417 862 1852 906">
    <p class='ocr_par' dir='ltr' id='par_1_5' title="bbox 1417 862 1852 906">
     <span class='ocr_line' id='line_1_10' title="bbox 1417 862 1852 906; baseline 0 -11"><span class='ocrx_word' id='word_1_80' title='bbox 1417 862 1508 906; x_wconf 66' lang='lat' dir='ltr'><strong>Ray.</strong></span> <span class='ocrx_word' id='word_1_81' title='bbox 1529 862 1616 895; x_wconf 66' lang='lat' dir='ltr'>buli.</span> <span class='ocrx_word' id='word_1_82' title='bbox 1637 863 1702 894; x_wconf 87' lang='lat' dir='ltr'><strong>IV.</strong></span> <span class='ocrx_word' id='word_1_83' title='bbox 1722 865 1797 897; x_wconf 76' lang='lat'><strong>254.</strong></span> <span class='ocrx_word' id='word_1_84' title='bbox 1819 863 1852 896; x_wconf 90' lang='lat' dir='ltr'>b.</span> 
     </span>
    </p>
   </div>
   <div class='ocr_carea' id='block_1_5' title="bbox 262 968 1857 1380">
    <p class='ocr_par' dir='ltr' id='par_1_6' title="bbox 262 968 1857 1380">
     <span class='ocr_line' id='line_1_11' title="bbox 346 968 1853 1023; baseline 0 -12"><span class='ocrx_word' id='word_1_85' title='bbox 346 972 445 1015; x_wconf 70' lang='grc'>182.</span> <span class='ocrx_word' id='word_1_86' title='bbox 481 973 529 1011; x_wconf 92' lang='lat' dir='ltr'>A.</span> <span class='ocrx_word' id='word_1_87' title='bbox 554 969 602 1010; x_wconf 88' lang='lat' dir='ltr'>F.</span> <span class='ocrx_word' id='word_1_88' title='bbox 639 968 688 1009; x_wconf 89' lang='lat' dir='ltr'>R.</span> <span class='ocrx_word' id='word_1_89' title='bbox 724 968 782 1010; x_wconf 92' lang='lat' dir='ltr'>M.</span> <span class='ocrx_word' id='word_1_90' title='bbox 810 976 862 1012; x_wconf 80' lang='lat' dir='ltr'>Ul</span> <span class='ocrx_word' id='word_1_91' title='bbox 882 977 1151 1012; x_wconf 67' lang='lat' dir='ltr'>animarum</span> <span class='ocrx_word' id='word_1_92' title='bbox 1173 973 1328 1013; x_wconf 67' lang='lat' dir='ltr'>saluti.</span> <span class='ocrx_word' id='word_1_93' title='bbox 1354 994 1379 999; x_wconf 88' lang='lat'><em>—</em></span> <span class='ocrx_word' id='word_1_94' title='bbox 1400 970 1520 1012; x_wconf 84' lang='lat' dir='ltr'>Paul.</span> <span class='ocrx_word' id='word_1_95' title='bbox 1548 969 1582 1011; x_wconf 96' lang='lat' dir='ltr'>V</span> <span class='ocrx_word' id='word_1_96' title='bbox 1611 971 1853 1023; x_wconf 88' lang='lat' dir='ltr'>petentibus</span> 
     </span>
     <span class='ocr_line' id='line_1_12' title="bbox 263 1039 1851 1095; baseline 0.001 -13"><span class='ocrx_word' id='word_1_97' title='bbox 263 1041 304 1083; x_wconf 94' lang='lat' dir='ltr'>b.</span> <span class='ocrx_word' id='word_1_98' title='bbox 328 1055 385 1083; x_wconf 90' lang='lat' dir='ltr'>m.</span> <span class='ocrx_word' id='word_1_99' title='bbox 410 1045 487 1094; x_wconf 76' lang='lat' dir='ltr'>epo</span> <span class='ocrx_word' id='word_1_100' title='bbox 509 1040 751 1093; x_wconf 84' lang='lat' dir='ltr'>Funayensi</span> <span class='ocrx_word' id='word_1_101' title='bbox 772 1041 816 1081; x_wconf 90' lang='lat' dir='ltr'>in</span> <span class='ocrx_word' id='word_1_102' title='bbox 837 1040 987 1080; x_wconf 88' lang='lat' dir='ltr'>insulis</span> <span class='ocrx_word' id='word_1_103' title='bbox 1008 1039 1178 1093; x_wconf 89' lang='lat' dir='ltr'>Iaponis</span> <span class='ocrx_word' id='word_1_104' title='bbox 1200 1045 1243 1081; x_wconf 87' lang='lat' dir='ltr'>et</span> <span class='ocrx_word' id='word_1_105' title='bbox 1262 1040 1425 1082; x_wconf 87' lang='lat' dir='ltr'>clericis</span> <span class='ocrx_word' id='word_1_106' title='bbox 1446 1041 1708 1094; x_wconf 87' lang='lat' dir='ltr'>regulari-bus</span> <span class='ocrx_word' id='word_1_107' title='bbox 1730 1042 1771 1084; x_wconf 88' lang='lat' dir='ltr'>S.</span> <span class='ocrx_word' id='word_1_108' title='bbox 1795 1042 1851 1095; x_wconf 91' lang='lat' dir='ltr'>I.,</span> 
     </span>
     <span class='ocr_line' id='line_1_13' title="bbox 263 1112 1854 1166; baseline 0.001 -12"><span class='ocrx_word' id='word_1_109' title='bbox 263 1117 341 1166; x_wconf 75' lang='lat' dir='ltr'>epo</span> <span class='ocrx_word' id='word_1_110' title='bbox 364 1113 404 1154; x_wconf 92' lang='lat' dir='ltr'>d.</span> <span class='ocrx_word' id='word_1_111' title='bbox 429 1113 533 1154; x_wconf 87' lang='lat' dir='ltr'>eccl.</span> <span class='ocrx_word' id='word_1_112' title='bbox 559 1127 633 1166; x_wconf 89' lang='lat' dir='ltr'>pro</span> <span class='ocrx_word' id='word_1_113' title='bbox 666 1117 856 1166; x_wconf 89' lang='lat' dir='ltr'>tempore</span> <span class='ocrx_word' id='word_1_114' title='bbox 879 1113 1079 1153; x_wconf 82' lang='lat' dir='ltr'>existenti</span> <span class='ocrx_word' id='word_1_115' title='bbox 1115 1116 1158 1153; x_wconf 90' lang='lat' dir='ltr'>et</span> <span class='ocrx_word' id='word_1_116' title='bbox 1179 1112 1276 1154; x_wconf 87' lang='lat' dir='ltr'>sede</span> <span class='ocrx_word' id='word_1_117' title='bbox 1311 1117 1488 1154; x_wconf 87' lang='lat' dir='ltr'>vacante</span> <span class='ocrx_word' id='word_1_118' title='bbox 1510 1113 1697 1155; x_wconf 90' lang='lat' dir='ltr'>eiusdem</span> <span class='ocrx_word' id='word_1_119' title='bbox 1719 1114 1854 1155; x_wconf 89' lang='lat' dir='ltr'>admi-</span> 
     </span>
     <span class='ocr_line' id='line_1_14' title="bbox 262 1183 1854 1238; baseline 0.001 -12"><span class='ocrx_word' id='word_1_120' title='bbox 262 1185 482 1227; x_wconf 87' lang='lat' dir='ltr'>nistratori</span> <span class='ocrx_word' id='word_1_121' title='bbox 503 1188 546 1226; x_wconf 86' lang='lat' dir='ltr'>et</span> <span class='ocrx_word' id='word_1_122' title='bbox 566 1185 774 1237; x_wconf 89' lang='lat' dir='ltr'>superiori</span> <span class='ocrx_word' id='word_1_123' title='bbox 796 1184 864 1225; x_wconf 86' lang='lat' dir='ltr'><strong>dd.</strong></span> <span class='ocrx_word' id='word_1_124' title='bbox 885 1183 1140 1237; x_wconf 84' lang='lat' dir='ltr'>regularium</span> <span class='ocrx_word' id='word_1_125' title='bbox 1158 1185 1202 1225; x_wconf 89' lang='lat' dir='ltr'>in</span> <span class='ocrx_word' id='word_1_126' title='bbox 1217 1183 1413 1226; x_wconf 88' lang='lat' dir='ltr'>Sinarum</span> <span class='ocrx_word' id='word_1_127' title='bbox 1435 1198 1559 1238; x_wconf 88' lang='lat' dir='ltr'>regno</span> <span class='ocrx_word' id='word_1_128' title='bbox 1581 1187 1854 1227; x_wconf 81' lang='lat' dir='ltr'>existentium</span> 
     </span>
     <span class='ocr_line' id='line_1_15' title="bbox 263 1254 1854 1309; baseline 0.001 -13"><span class='ocrx_word' id='word_1_129' title='bbox 263 1255 395 1297; x_wconf 88' lang='lat' dir='ltr'>donec</span> <span class='ocrx_word' id='word_1_130' title='bbox 435 1256 479 1296; x_wconf 92' lang='lat' dir='ltr'>in</span> <span class='ocrx_word' id='word_1_131' title='bbox 514 1254 662 1297; x_wconf 88' lang='lat' dir='ltr'>eodem</span> <span class='ocrx_word' id='word_1_132' title='bbox 698 1269 825 1309; x_wconf 87' lang='lat' dir='ltr'>regno</span> <span class='ocrx_word' id='word_1_133' title='bbox 860 1256 1082 1308; x_wconf 87' lang='lat' dir='ltr'>episcopus</span> <span class='ocrx_word' id='word_1_134' title='bbox 1118 1256 1372 1296; x_wconf 88' lang='lat' dir='ltr'>constitutus</span> <span class='ocrx_word' id='word_1_135' title='bbox 1407 1269 1491 1296; x_wconf 89' lang='lat' dir='ltr'>non</span> <span class='ocrx_word' id='word_1_136' title='bbox 1527 1257 1623 1308; x_wconf 86' lang='lat' dir='ltr'>erit,</span> <span class='ocrx_word' id='word_1_137' title='bbox 1662 1256 1854 1297; x_wconf 87' lang='lat' dir='ltr'>concedit</span> 
     </span>
     <span class='ocr_line' id='line_1_16' title="bbox 263 1326 1857 1380; baseline 0.001 -13"><span class='ocrx_word' id='word_1_138' title='bbox 263 1326 511 1368; x_wconf 82' lang='lat' dir='ltr'>facultatem</span> <span class='ocrx_word' id='word_1_139' title='bbox 533 1326 805 1380; x_wconf 86' lang='lat' dir='ltr'>dispensandi</span> <span class='ocrx_word' id='word_1_140' title='bbox 826 1340 953 1380; x_wconf 88' lang='lat' dir='ltr'>super</span> <span class='ocrx_word' id='word_1_141' title='bbox 982 1327 1281 1380; x_wconf 89' lang='lat' dir='ltr'>impedimento</span> <span class='ocrx_word' id='word_1_142' title='bbox 1319 1327 1578 1380; x_wconf 84' lang='lat' dir='ltr'>disparitatis</span> <span class='ocrx_word' id='word_1_143' title='bbox 1613 1327 1767 1369; x_wconf 90' lang='lat' dir='ltr'>cultus.</span> <span class='ocrx_word' id='word_1_144' title='bbox 1791 1327 1857 1368; x_wconf 91' lang='lat' dir='ltr'>Ad</span> 
     </span>
    </p>
   </div>
   <div class='ocr_carea' id='block_1_6' title="bbox 264 1398 1140 1508">
    <p class='ocr_par' dir='ltr' id='par_1_7' title="bbox 264 1398 1140 1508">
     <span class='ocr_line' id='line_1_17' title="bbox 264 1398 532 1440; baseline -0.004 0"><span class='ocrx_word' id='word_1_145' title='bbox 264 1398 532 1440; x_wconf 89' lang='lat' dir='ltr'>decennium.</span> 
     </span>
     <span class='ocr_line' id='line_1_18' title="bbox 264 1464 1140 1508; baseline -0.002 -8"><span class='ocrx_word' id='word_1_146' title='bbox 264 1465 307 1500; x_wconf 87' lang='lat' dir='ltr'>R.</span> <span class='ocrx_word' id='word_1_147' title='bbox 327 1476 385 1508; x_wconf 82' lang='lat' dir='ltr'>ap.</span> <span class='ocrx_word' id='word_1_148' title='bbox 405 1464 441 1500; x_wconf 85' lang='lat' dir='ltr'>S.</span> <span class='ocrx_word' id='word_1_149' title='bbox 461 1465 511 1500; x_wconf 89' lang='lat' dir='ltr'>M.</span> <span class='ocrx_word' id='word_1_150' title='bbox 533 1466 578 1497; x_wconf 94' lang='lat' dir='ltr'><strong>M.</strong></span> <span class='ocrx_word' id='word_1_151' title='bbox 599 1465 706 1501; x_wconf 88' lang='lat' dir='ltr'>XXV</span> <span class='ocrx_word' id='word_1_152' title='bbox 725 1466 813 1501; x_wconf 81' lang='lat' dir='ltr'>Maii</span> <span class='ocrx_word' id='word_1_153' title='bbox 833 1468 917 1501; x_wconf 89' lang='grc'>1616</span> <span class='ocrx_word' id='word_1_154' title='bbox 937 1466 976 1499; x_wconf 83' lang='grc' dir='ltr'>Ρ.</span> <span class='ocrx_word' id='word_1_155' title='bbox 997 1478 1055 1499; x_wconf 79' lang='lat' dir='ltr'>an.</span> <span class='ocrx_word' id='word_1_156' title='bbox 1076 1466 1140 1501; x_wconf 85' lang='lat' dir='ltr'>XI.</span> 
     </span>
    </p>
   </div>
   <div class='ocr_carea' id='block_1_7' title="bbox 1474 1576 1853 1621">
    <p class='ocr_par' dir='ltr' id='par_1_8' title="bbox 1474 1576 1853 1621">
     <span class='ocr_line' id='line_1_19' title="bbox 1474 1576 1853 1621; baseline 0.005 -12"><span class='ocrx_word' id='word_1_157' title='bbox 1474 1576 1566 1621; x_wconf 62' lang='lat' dir='ltr'><strong>Rey.</strong></span> <span class='ocrx_word' id='word_1_158' title='bbox 1586 1577 1673 1610; x_wconf 73' lang='lat' dir='ltr'><strong>bull.</strong></span> <span class='ocrx_word' id='word_1_159' title='bbox 1693 1577 1757 1611; x_wconf 89' lang='lat' dir='ltr'><strong>IV.</strong></span> <span class='ocrx_word' id='word_1_160' title='bbox 1777 1580 1853 1611; x_wconf 76' lang='lat'><strong>261.</strong></span> 
     </span>
    </p>
   </div>
   <div class='ocr_carea' id='block_1_8' title="bbox 259 1695 1855 2239">
    <p class='ocr_par' dir='ltr' id='par_1_9' title="bbox 261 1695 1855 2171">
     <span class='ocr_line' id='line_1_20' title="bbox 346 1695 1854 1752; baseline 0.001 -16"><span class='ocrx_word' id='word_1_161' title='bbox 346 1698 443 1742; x_wconf 83' lang='grc'>183.</span> <span class='ocrx_word' id='word_1_162' title='bbox 478 1696 528 1737; x_wconf 93' lang='lat' dir='ltr'><strong>A.</strong></span> <span class='ocrx_word' id='word_1_163' title='bbox 567 1696 614 1737; x_wconf 91' lang='lat' dir='ltr'><strong>P.</strong></span> <span class='ocrx_word' id='word_1_164' title='bbox 652 1695 701 1737; x_wconf 87' lang='lat' dir='ltr'><strong>R.</strong></span> <span class='ocrx_word' id='word_1_165' title='bbox 739 1695 799 1739; x_wconf 91' lang='lat' dir='ltr'><strong>M.</strong></span> <span class='ocrx_word' id='word_1_166' title='bbox 837 1703 891 1740; x_wconf 76' lang='lat' dir='ltr'>In</span> <span class='ocrx_word' id='word_1_167' title='bbox 911 1700 1287 1752; x_wconf 66' lang='lat' dir='ltr'>supereminenti.</span> <span class='ocrx_word' id='word_1_168' title='bbox 1317 1721 1343 1727; x_wconf 93' lang='lat'>-—</span> <span class='ocrx_word' id='word_1_169' title='bbox 1377 1696 1496 1738; x_wconf 89' lang='lat' dir='ltr'>Paul.</span> <span class='ocrx_word' id='word_1_170' title='bbox 1523 1696 1558 1738; x_wconf 95' lang='lat' dir='ltr'>V</span> <span class='ocrx_word' id='word_1_171' title='bbox 1593 1697 1854 1739; x_wconf 85' lang='lat' dir='ltr'>scholasticis</span> 
     </span>
     <span class='ocr_line' id='line_1_21' title="bbox 262 1767 1850 1823; baseline 0.001 -15"><span class='ocrx_word' id='word_1_172' title='bbox 262 1769 550 1810; x_wconf 86' lang='lat' dir='ltr'>universitatis</span> <span class='ocrx_word' id='word_1_173' title='bbox 580 1768 709 1809; x_wconf 90' lang='lat' dir='ltr'>studii</span> <span class='ocrx_word' id='word_1_174' title='bbox 743 1768 952 1822; x_wconf 87' lang='lat' dir='ltr'>generalis</span> <span class='ocrx_word' id='word_1_175' title='bbox 982 1769 1026 1809; x_wconf 89' lang='lat' dir='ltr'>in</span> <span class='ocrx_word' id='word_1_176' title='bbox 1056 1768 1199 1822; x_wconf 90' lang='lat' dir='ltr'>oppidi</span> <span class='ocrx_word' id='word_1_177' title='bbox 1220 1767 1355 1810; x_wconf 86' lang='lat' dir='ltr'>Gretii</span> <span class='ocrx_word' id='word_1_178' title='bbox 1390 1768 1673 1823; x_wconf 88' lang='lat' dir='ltr'>Salisburgen.</span> <span class='ocrx_word' id='word_1_179' title='bbox 1698 1769 1850 1822; x_wconf 59' lang='lat' dir='ltr'>dioec„</span> 
     </span>
     <span class='ocr_line' id='line_1_22' title="bbox 262 1840 1855 1894; baseline 0.001 -13"><span class='ocrx_word' id='word_1_180' title='bbox 262 1841 335 1894; x_wconf 91' lang='lat' dir='ltr'>qui</span> <span class='ocrx_word' id='word_1_181' title='bbox 357 1841 586 1882; x_wconf 88' lang='lat' dir='ltr'>triennium</span> <span class='ocrx_word' id='word_1_182' title='bbox 608 1844 655 1881; x_wconf 92' lang='lat' dir='ltr'>ut</span> <span class='ocrx_word' id='word_1_183' title='bbox 674 1844 827 1882; x_wconf 86' lang='lat' dir='ltr'>vocant</span> <span class='ocrx_word' id='word_1_184' title='bbox 859 1840 1118 1882; x_wconf 86' lang='lat' dir='ltr'>absolverint</span> <span class='ocrx_word' id='word_1_185' title='bbox 1138 1846 1181 1882; x_wconf 90' lang='lat' dir='ltr'>et</span> <span class='ocrx_word' id='word_1_186' title='bbox 1215 1842 1505 1883; x_wconf 85' lang='lat' dir='ltr'>testimonium</span> <span class='ocrx_word' id='word_1_187' title='bbox 1538 1842 1780 1883; x_wconf 86' lang='lat' dir='ltr'>idoneitatis</span> <span class='ocrx_word' id='word_1_188' title='bbox 1801 1841 1855 1883; x_wconf 86' lang='lat' dir='ltr'>ad</span> 
     </span>
     <span class='ocr_line' id='line_1_23' title="bbox 261 1912 1855 1966; baseline 0.001 -13"><span class='ocrx_word' id='word_1_189' title='bbox 261 1913 367 1955; x_wconf 86' lang='lat' dir='ltr'>alios</span> <span class='ocrx_word' id='word_1_190' title='bbox 389 1912 596 1955; x_wconf 89' lang='lat' dir='ltr'>docendos</span> <span class='ocrx_word' id='word_1_191' title='bbox 627 1914 671 1954; x_wconf 90' lang='lat' dir='ltr'>in</span> <span class='ocrx_word' id='word_1_192' title='bbox 701 1914 793 1966; x_wconf 90' lang='lat' dir='ltr'>ipsa</span> <span class='ocrx_word' id='word_1_193' title='bbox 814 1914 1090 1954; x_wconf 85' lang='lat' dir='ltr'>universitate</span> <span class='ocrx_word' id='word_1_194' title='bbox 1120 1913 1362 1965; x_wconf 87' lang='lat' dir='ltr'>habuerint,</span> <span class='ocrx_word' id='word_1_195' title='bbox 1386 1914 1633 1956; x_wconf 82' lang='lat' dir='ltr'>facultatem</span> <span class='ocrx_word' id='word_1_196' title='bbox 1663 1914 1855 1956; x_wconf 88' lang='lat' dir='ltr'>concedit</span> 
     </span>
     <span class='ocr_line' id='line_1_24' title="bbox 262 1984 1854 2040; baseline 0.001 -14"><span class='ocrx_word' id='word_1_197' title='bbox 262 1990 309 2027; x_wconf 92' lang='lat' dir='ltr'>ut</span> <span class='ocrx_word' id='word_1_198' title='bbox 329 1985 594 2027; x_wconf 85' lang='lat' dir='ltr'>cathedrales</span> <span class='ocrx_word' id='word_1_199' title='bbox 630 1984 834 2026; x_wconf 89' lang='lat' dir='ltr'>ecclesiae</span> <span class='ocrx_word' id='word_1_200' title='bbox 869 1985 1094 2039; x_wconf 84' lang='lat' dir='ltr'>dignitates</span> <span class='ocrx_word' id='word_1_201' title='bbox 1117 1999 1192 2026; x_wconf 88' lang='lat' dir='ltr'>seu</span> <span class='ocrx_word' id='word_1_202' title='bbox 1222 1987 1496 2027; x_wconf 85' lang='lat' dir='ltr'>canonicatus</span> <span class='ocrx_word' id='word_1_203' title='bbox 1519 1990 1561 2028; x_wconf 89' lang='lat' dir='ltr'>et</span> <span class='ocrx_word' id='word_1_204' title='bbox 1591 1987 1854 2040; x_wconf 88' lang='lat' dir='ltr'>praebendas</span> 
     </span>
     <span class='ocr_line' id='line_1_25' title="bbox 261 2057 1854 2112; baseline 0 -13"><span class='ocrx_word' id='word_1_205' title='bbox 261 2059 485 2112; x_wconf 83' lang='lat' dir='ltr'>acquirant</span> <span class='ocrx_word' id='word_1_206' title='bbox 506 2058 696 2112; x_wconf 87' lang='lat' dir='ltr'>quamvis</span> <span class='ocrx_word' id='word_1_207' title='bbox 733 2057 1087 2110; x_wconf 83' lang='lat' dir='ltr'>iurisprudentiae</span> <span class='ocrx_word' id='word_1_208' title='bbox 1109 2061 1151 2098; x_wconf 86' lang='lat' dir='ltr'>et</span> <span class='ocrx_word' id='word_1_209' title='bbox 1171 2057 1407 2099; x_wconf 87' lang='lat' dir='ltr'>medicinae</span> <span class='ocrx_word' id='word_1_210' title='bbox 1437 2058 1662 2100; x_wconf 85' lang='lat' dir='ltr'>facultates</span> <span class='ocrx_word' id='word_1_211' title='bbox 1692 2058 1751 2099; x_wconf 90' lang='lat' dir='ltr'>ibi</span> <span class='ocrx_word' id='word_1_212' title='bbox 1771 2072 1854 2100; x_wconf 88' lang='lat' dir='ltr'>non</span> 
     </span>
     <span class='ocr_line' id='line_1_26' title="bbox 263 2129 419 2171; baseline 0 0"><span class='ocrx_word' id='word_1_213' title='bbox 263 2129 419 2171; x_wconf 88' lang='lat' dir='ltr'>adsint.</span> 
     </span>
    </p>

    <p class='ocr_par' dir='ltr' id='par_1_10' title="bbox 259 2195 1161 2239">
     <span class='ocr_line' id='line_1_27' title="bbox 259 2195 1161 2239; baseline 0.003 -9"><span class='ocrx_word' id='word_1_214' title='bbox 259 2196 303 2230; x_wconf 83' lang='lat' dir='ltr'>R.</span> <span class='ocrx_word' id='word_1_215' title='bbox 323 2207 382 2239; x_wconf 85' lang='lat' dir='ltr'>ap.</span> <span class='ocrx_word' id='word_1_216' title='bbox 403 2196 439 2230; x_wconf 89' lang='lat' dir='ltr'><strong>S.</strong></span> <span class='ocrx_word' id='word_1_217' title='bbox 460 2195 510 2230; x_wconf 91' lang='lat' dir='ltr'>M.</span> <span class='ocrx_word' id='word_1_218' title='bbox 533 2196 581 2231; x_wconf 87' lang='lat' dir='ltr'>M.</span> <span class='ocrx_word' id='word_1_219' title='bbox 600 2196 725 2232; x_wconf 87' lang='lat' dir='ltr'>XXVI</span> <span class='ocrx_word' id='word_1_220' title='bbox 742 2196 832 2231; x_wconf 84' lang='lat' dir='ltr'>Maii</span> <span class='ocrx_word' id='word_1_221' title='bbox 853 2199 936 2232; x_wconf 87' lang='grc'>1616</span> <span class='ocrx_word' id='word_1_222' title='bbox 954 2197 996 2232; x_wconf 91' lang='grc' dir='ltr'>Ρ.</span> <span class='ocrx_word' id='word_1_223' title='bbox 1015 2208 1075 2232; x_wconf 88' lang='lat' dir='ltr'>an.</span> <span class='ocrx_word' id='word_1_224' title='bbox 1096 2197 1161 2233; x_wconf 86' lang='lat' dir='ltr'>XI.</span> 
     </span>
    </p>
   </div>
   <div class='ocr_carea' id='block_1_9' title="bbox 263 2306 1852 2351">
    <p class='ocr_par' dir='ltr' id='par_1_11' title="bbox 263 2306 1852 2351">
     <span class='ocr_line' id='line_1_28' title="bbox 263 2306 1852 2351; baseline 0.001 -11"><span class='ocrx_word' id='word_1_225' title='bbox 263 2307 384 2341; x_wconf 76' lang='lat' dir='ltr'>Lustr.</span> <span class='ocrx_word' id='word_1_226' title='bbox 402 2310 505 2340; x_wconf 76' lang='lat' dir='ltr'>univ.</span> <span class='ocrx_word' id='word_1_227' title='bbox 528 2306 658 2342; x_wconf 78' lang='lat' dir='ltr'>Graec.</span> <span class='ocrx_word' id='word_1_228' title='bbox 684 2306 825 2342; x_wconf 92' lang='lat' dir='ltr'><strong>VI-VII.</strong></span> <span class='ocrx_word' id='word_1_229' title='bbox 849 2310 947 2347; x_wconf 73' lang='lat'>1723,</span> <span class='ocrx_word' id='word_1_230' title='bbox 968 2318 1026 2350; x_wconf 89' lang='lat' dir='ltr'>pp.</span> <span class='ocrx_word' id='word_1_231' title='bbox 1045 2309 1159 2342; x_wconf 78' lang='lat'><strong>29-32.</strong></span> <span class='ocrx_word' id='word_1_232' title='bbox 1418 2308 1506 2351; x_wconf 60' lang='grc' dir='ltr'>Κεφ</span> <span class='ocrx_word' id='word_1_233' title='bbox 1527 2308 1616 2343; x_wconf 75' lang='grc' dir='ltr'><strong>ὸαΖΖ.</strong></span> <span class='ocrx_word' id='word_1_234' title='bbox 1637 2309 1703 2344; x_wconf 90' lang='lat' dir='ltr'><strong>IV.</strong></span> <span class='ocrx_word' id='word_1_235' title='bbox 1723 2311 1799 2345; x_wconf 78' lang='lat'><strong>274.</strong></span> <span class='ocrx_word' id='word_1_236' title='bbox 1818 2307 1852 2343; x_wconf 88' lang='lat' dir='ltr'>b.</span> 
     </span>
    </p>
   </div>
   <div class='ocr_carea' id='block_1_10' title="bbox 263 2425 1856 2625">
    <p class='ocr_par' dir='ltr' id='par_1_12' title="bbox 263 2425 1856 2625">
     <span class='ocr_line' id='line_1_29' title="bbox 346 2425 1851 2482; baseline -0.001 -11"><span class='ocrx_word' id='word_1_237' title='bbox 346 2429 444 2472; x_wconf 78' lang='lat'><strong>184.</strong></span> <span class='ocrx_word' id='word_1_238' title='bbox 479 2431 611 2471; x_wconf 75' lang='lat' dir='ltr'>Alias</span> <span class='ocrx_word' id='word_1_239' title='bbox 631 2433 706 2471; x_wconf 77' lang='grc' dir='ltr'>ίιιο</span> <span class='ocrx_word' id='word_1_240' title='bbox 726 2435 925 2471; x_wconf 73' lang='lat' dir='ltr'>nomme.</span> <span class='ocrx_word' id='word_1_241' title='bbox 948 2451 974 2457; x_wconf 95' lang='lat'>—</span> <span class='ocrx_word' id='word_1_242' title='bbox 994 2426 1114 2468; x_wconf 86' lang='lat' dir='ltr'>Paul.</span> <span class='ocrx_word' id='word_1_243' title='bbox 1139 2425 1192 2480; x_wconf 90' lang='lat' dir='ltr'>V,</span> <span class='ocrx_word' id='word_1_244' title='bbox 1215 2426 1397 2469; x_wconf 86' lang='lat' dir='ltr'>Martino</span> <span class='ocrx_word' id='word_1_245' title='bbox 1428 2427 1479 2469; x_wconf 90' lang='lat' dir='ltr'>de</span> <span class='ocrx_word' id='word_1_246' title='bbox 1500 2428 1691 2482; x_wconf 86' lang='lat' dir='ltr'>Padiglia</span> <span class='ocrx_word' id='word_1_247' title='bbox 1712 2429 1851 2482; x_wconf 86' lang='lat' dir='ltr'>presb.</span> 
     </span>
     <span class='ocr_line' id='line_1_30' title="bbox 264 2496 1850 2553; baseline 0.002 -14"><span class='ocrx_word' id='word_1_248' title='bbox 264 2496 304 2540; x_wconf 85' lang='lat' dir='ltr'>S.</span> <span class='ocrx_word' id='word_1_249' title='bbox 331 2497 366 2539; x_wconf 96' lang='grc' dir='ltr'>Ι.</span> <span class='ocrx_word' id='word_1_250' title='bbox 391 2512 474 2540; x_wconf 90' lang='lat' dir='ltr'>non</span> <span class='ocrx_word' id='word_1_251' title='bbox 496 2499 581 2539; x_wconf 87' lang='lat' dir='ltr'>iam</span> <span class='ocrx_word' id='word_1_252' title='bbox 603 2498 655 2539; x_wconf 89' lang='lat' dir='ltr'>ad</span> <span class='ocrx_word' id='word_1_253' title='bbox 677 2498 866 2540; x_wconf 88' lang='lat' dir='ltr'>ordinem</span> <span class='ocrx_word' id='word_1_254' title='bbox 886 2498 937 2542; x_wconf 86' lang='lat' dir='ltr'><strong>fr.</strong></span> <span class='ocrx_word' id='word_1_255' title='bbox 963 2500 1233 2541; x_wconf 85' lang='lat' dir='ltr'>eremitarum</span> <span class='ocrx_word' id='word_1_256' title='bbox 1255 2499 1295 2541; x_wconf 91' lang='lat' dir='ltr'>S.</span> <span class='ocrx_word' id='word_1_257' title='bbox 1315 2499 1555 2553; x_wconf 81' lang='lat' dir='ltr'>Augustini,</span> <span class='ocrx_word' id='word_1_258' title='bbox 1574 2501 1683 2542; x_wconf 90' lang='lat' dir='ltr'>sicut</span> <span class='ocrx_word' id='word_1_259' title='bbox 1700 2503 1749 2541; x_wconf 89' lang='grc'>19</span> <span class='ocrx_word' id='word_1_260' title='bbox 1766 2502 1850 2542; x_wconf 88' lang='lat' dir='ltr'>ian.</span> 
     </span>
     <span class='ocr_line' id='line_1_31' title="bbox 263 2570 1856 2625; baseline 0.001 -15"><span class='ocrx_word' id='word_1_261' title='bbox 263 2570 452 2623; x_wconf 85' lang='lat' dir='ltr'>proxime</span> <span class='ocrx_word' id='word_1_262' title='bbox 472 2571 698 2623; x_wconf 86' lang='lat' dir='ltr'>praeterito</span> <span class='ocrx_word' id='word_1_263' title='bbox 735 2583 981 2612; x_wconf 88' lang='lat' dir='ltr'>concessum</span> <span class='ocrx_word' id='word_1_264' title='bbox 1016 2570 1113 2623; x_wconf 85' lang='lat' dir='ltr'>fuit,</span> <span class='ocrx_word' id='word_1_265' title='bbox 1136 2570 1209 2612; x_wconf 88' lang='lat' dir='ltr'>sed</span> <span class='ocrx_word' id='word_1_266' title='bbox 1238 2570 1292 2612; x_wconf 90' lang='lat' dir='ltr'>ad</span> <span class='ocrx_word' id='word_1_267' title='bbox 1327 2571 1516 2613; x_wconf 88' lang='lat' dir='ltr'>ordinem</span> <span class='ocrx_word' id='word_1_268' title='bbox 1539 2571 1580 2614; x_wconf 88' lang='lat' dir='ltr'>S.</span> <span class='ocrx_word' id='word_1_269' title='bbox 1605 2571 1856 2625; x_wconf 89' lang='lat' dir='ltr'>Hieronymi</span> 
     </span>
    </p>
   </div>
   <div class='ocr_carea' id='block_1_11' title="bbox 262 2642 1423 2750">
    <p class='ocr_par' dir='ltr' id='par_1_13' title="bbox 262 2642 1423 2750">
     <span class='ocr_line' id='line_1_32' title="bbox 262 2642 1423 2697; baseline 0.002 -14"><span class='ocrx_word' id='word_1_270' title='bbox 262 2656 306 2684; x_wconf 88' lang='lat' dir='ltr'>se</span> <span class='ocrx_word' id='word_1_271' title='bbox 327 2642 554 2684; x_wconf 76' lang='lat' dir='ltr'>transferre</span> <span class='ocrx_word' id='word_1_272' title='bbox 574 2643 795 2696; x_wconf 86' lang='lat' dir='ltr'>cogitanti,</span> <span class='ocrx_word' id='word_1_273' title='bbox 818 2643 928 2684; x_wconf 88' lang='lat' dir='ltr'>hanc</span> <span class='ocrx_word' id='word_1_274' title='bbox 949 2642 1198 2685; x_wconf 86' lang='lat' dir='ltr'>facultatem</span> <span class='ocrx_word' id='word_1_275' title='bbox 1220 2643 1423 2697; x_wconf 86' lang='lat' dir='ltr'>indulget.</span> 
     </span>
     <span class='ocr_line' id='line_1_33' title="bbox 262 2708 937 2750; baseline -0.003 -8"><span class='ocrx_word' id='word_1_276' title='bbox 262 2708 423 2750; x_wconf 88' lang='lat' dir='ltr'>Tusculi,</span> <span class='ocrx_word' id='word_1_277' title='bbox 444 2709 492 2745; x_wconf 94' lang='lat' dir='ltr'>VI</span> <span class='ocrx_word' id='word_1_278' title='bbox 511 2710 587 2743; x_wconf 87' lang='lat' dir='ltr'>lun.</span> <span class='ocrx_word' id='word_1_279' title='bbox 610 2711 693 2744; x_wconf 87' lang='grc'>1616</span> <span class='ocrx_word' id='word_1_280' title='bbox 714 2709 753 2744; x_wconf 83' lang='grc' dir='ltr'>Ρ.</span> <span class='ocrx_word' id='word_1_281' title='bbox 773 2720 832 2743; x_wconf 85' lang='lat' dir='ltr'>an.</span> <span class='ocrx_word' id='word_1_282' title='bbox 854 2709 937 2745; x_wconf 90' lang='lat' dir='ltr'><strong>XII.</strong></span> 
     </span>
    </p>
   </div>
   <div class='ocr_carea' id='block_1_12' title="bbox 1421 2821 1853 2863">
    <p class='ocr_par' dir='ltr' id='par_1_14' title="bbox 1421 2821 1853 2863">
     <span class='ocr_line' id='line_1_34' title="bbox 1421 2821 1853 2863; baseline 0 -9"><span class='ocrx_word' id='word_1_283' title='bbox 1421 2821 1509 2863; x_wconf 56' lang='grc' dir='ltr'>Κεφ.</span> <span class='ocrx_word' id='word_1_284' title='bbox 1529 2821 1617 2856; x_wconf 67' lang='lat' dir='ltr'><strong>buza.</strong></span> <span class='ocrx_word' id='word_1_285' title='bbox 1638 2822 1704 2857; x_wconf 81' lang='lat' dir='ltr'>JV.</span> <span class='ocrx_word' id='word_1_286' title='bbox 1723 2825 1798 2858; x_wconf 79' lang='lat'><strong>260.</strong></span> <span class='ocrx_word' id='word_1_287' title='bbox 1818 2821 1853 2855; x_wconf 85' lang='lat' dir='ltr'>b.</span> 
     </span>
    </p>
   </div>
   <div class='ocr_carea' id='block_1_13' title="bbox 263 2937 1855 3067">
    <p class='ocr_par' dir='ltr' id='par_1_15' title="bbox 263 2937 1855 3067">
     <span class='ocr_line' id='line_1_35' title="bbox 345 2937 1855 2992; baseline 0.003 -12"><span class='ocrx_word' id='word_1_288' title='bbox 345 2941 441 2984; x_wconf 74' lang='lat'><strong>185.</strong></span> <span class='ocrx_word' id='word_1_289' title='bbox 462 2939 613 2992; x_wconf 82' lang='lat' dir='ltr'>Gongr.</span> <span class='ocrx_word' id='word_1_290' title='bbox 632 2952 727 2992; x_wconf 88' lang='lat' dir='ltr'>gen.</span> <span class='ocrx_word' id='word_1_291' title='bbox 748 2937 789 2980; x_wconf 89' lang='lat' dir='ltr'>S.</span> <span class='ocrx_word' id='word_1_292' title='bbox 808 2938 858 2979; x_wconf 89' lang='lat' dir='ltr'>R.</span> <span class='ocrx_word' id='word_1_293' title='bbox 878 2942 920 2979; x_wconf 90' lang='lat' dir='ltr'>et</span> <span class='ocrx_word' id='word_1_294' title='bbox 935 2937 1061 2980; x_wconf 80' lang='lat' dir='ltr'>Univ.</span> <span class='ocrx_word' id='word_1_295' title='bbox 1082 2939 1244 2992; x_wconf 87' lang='lat' dir='ltr'>Inquis.</span> <span class='ocrx_word' id='word_1_296' title='bbox 1265 2938 1494 2983; x_wconf 84' lang='lat' dir='ltr'>decretum.</span> <span class='ocrx_word' id='word_1_297' title='bbox 1509 2966 1534 2972; x_wconf 84' lang='lat'><em>-</em></span> <span class='ocrx_word' id='word_1_298' title='bbox 1551 2941 1654 2984; x_wconf 86' lang='lat' dir='ltr'>Cum</span> <span class='ocrx_word' id='word_1_299' title='bbox 1671 2943 1855 2984; x_wconf 83' lang='lat' dir='ltr'>alumnis</span> 
     </span>
     <span class='ocr_line' id='line_1_36' title="bbox 263 3009 1855 3067; baseline 0.003 -16"><span class='ocrx_word' id='word_1_300' title='bbox 263 3010 509 3064; x_wconf 76' lang='lat' dir='ltr'>degentibus</span> <span class='ocrx_word' id='word_1_301' title='bbox 550 3012 593 3051; x_wconf 86' lang='lat' dir='ltr'>in</span> <span class='ocrx_word' id='word_1_302' title='bbox 632 3011 858 3051; x_wconf 83' lang='lat' dir='ltr'>seminario</span> <span class='ocrx_word' id='word_1_303' title='bbox 893 3009 1098 3051; x_wconf 86' lang='lat' dir='ltr'>Vienneu.</span> <span class='ocrx_word' id='word_1_304' title='bbox 1141 3024 1226 3052; x_wconf 89' lang='lat' dir='ltr'>una</span> <span class='ocrx_word' id='word_1_305' title='bbox 1264 3025 1359 3052; x_wconf 89' lang='lat' dir='ltr'>cum</span> <span class='ocrx_word' id='word_1_306' title='bbox 1400 3013 1585 3054; x_wconf 84' lang='lat' dir='ltr'>alumnis</span> <span class='ocrx_word' id='word_1_307' title='bbox 1625 3014 1855 3067; x_wconf 85' lang='lat' dir='ltr'>pontificiis</span> 
     </span>
    </p>
   </div>
  </div>
 </body>
</html>
