1989 3252
121 161 266 206 Pauli
285 161 341 206 V.
790 186 846 194 —
872 163 954 205 245
983 188 1040 195 —
1565 171 1702 215 1608.

116 246 379 300 lucrandam,
401 249 550 290 —item
582 250 628 291 in
662 249 808 290 mortis
828 251 1007 293 articulo
1040 276 1067 283 -
1100 253 1126 293 ’7
1161 265 1293 295 annos
1328 258 1371 295 et
1409 254 1702 309 quadragenas

115 319 248 359 semel
268 319 312 359 in
346 332 490 360 mense
520 319 670 361 eadem
699 319 937 363 conditione
957 346 983 352 -
1004 323 1252 365 docentibus
1286 324 1433 366 diebus
1469 327 1699 368 stationum

120 388 261 440 Urbis,
285 389 567 442 indulgentias
587 391 834 432 stationum.
858 390 954 433 Etc.
977 392 1043 433 Ad
1063 396 1345 447 septennium.

119 454 161 488 R.
181 465 238 497 ap.
259 454 295 488 S.
316 455 357 489 P.
378 455 487 489 XXX
506 457 593 498 Apr.
614 458 698 491 1608
716 456 757 489 Ρ.
777 467 835 490 an.
854 456 916 491 m.

113 509 240 549 (Nota.
262 508 326 542 Die
351 510 486 544 2811111.
509 512 592 545 1608
622 510 751 544 similis
781 511 1010 554 indulgentia
1028 524 1092 555 pro
1122 524 1220 556 prov.
1242 514 1524 549 Mediolanensi.
1552 519 1591 550 12
1610 516 1700 550 Feb.

119 564 201 597 1611
217 561 474 596 Sanctissimus
490 563 608 597 denuo
622 563 802 598 concessit
818 564 883 598 has
895 565 1143 608 indulgentias
1157 568 1269 602 doctr.
1283 568 1409 603 christ.
1425 580 1488 611 pro
1503 570 1701 611 provinciis

117 616 247 656 Rheni,
269 616 489 660 Gallobelgii
518 621 553 651 et
582 618 855 662 Flandrobelgii
883 620 928 653 ad
954 623 973 654 7
1002 631 1130 662 annos,
1153 622 1283 656 deletis
1313 622 1368 656 his
1398 623 1545 658 verbis:
1572 626 1625 657 vel
1655 626 1700 658 ab

113 671 244 705 eodem
262 670 370 705 Prov.
390 670 427 704 in
445 670 606 706 ecclesiis
624 676 745 706 tamen
764 677 798 706 et
816 672 906 707 locis
926 673 1022 716 Soc.)

1296 785 1380 826 Req.
1399 785 1487 819 bun.
1506 786 1571 820 IV.
1589 789 1645 821 84.
1663 788 1698 822 b.

200 890 272 933 63.
306 890 437 932 Sedis
456 891 731 944 apostolicae
749 893 1057 944 providentia.
1076 915 1102 920 —
1118 890 1236 933 Paul.
1257 890 1292 932 V
1314 896 1483 944 petente
1503 893 1699 948 Philippo

118 957 241 1011 Hisp.
264 972 359 1011 rege
392 958 616 1010 catholicO,
640 959 966 1012 prohibitionem
1001 975 1054 1002 ne
1085 963 1179 1015 quis
1213 962 1297 1004 alia
1317 964 1386 1004 via
1405 963 1459 1004 ad
1478 963 1621 1006 Indias
1656 970 1699 1006 et

116 1027 249 1069 Goam
260 1028 533 1082 praedicandi
543 1042 671 1070 causa.
686 1029 874 1082 accedat,
889 1044 1015 1084 quam
1028 1045 1103 1084 per
1112 1031 1392 1084 Lusitaniam,
1406 1047 1534 1087 quum
1551 1048 1702 1088 propa-

115 1100 298 1152 gationis
313 1100 414 1141 fidei
433 1101 598 1153 negotio
619 1101 737 1141 utilis
758 1115 841 1142 non
861 1102 932 1153 sit,
950 1101 1062 1143 tollit
1082 1108 1123 1143 et
1144 1104 1225 1145 iter
1240 1117 1314 1157 per
1329 1104 1456 1145 aliam
1473 1106 1585 1146 viam
1601 1120 1699 1147 con-

115 1170 243 1212 cedit.

117 1236 160 1271 R.
180 1247 238 1279 ap.
259 1237 294 1270 S.
314 1238 365 1272 M.
385 1238 438 1272 XI
454 1238 532 1272 Iun.
554 1240 638 1273 1608
657 1237 697 1271 Ρ.
718 1248 776 1271 an.
797 1239 856 1272 IV.

118 1344 219 1379 Bau.
244 1346 348 1380 Rom.
366 1363 410 1369 —-
427 1345 525 1379 Bull.
545 1345 590 1379 de
601 1356 761 1388 propag).
781 1346 855 1385 fide
872 1346 901 1384 Ι,
923 1350 998 1380 444.
1435 1348 1590 1383 Elenclz..
1610 1349 1701 1384 buil.

200 1466 274 1509 64.
306 1471 359 1507 In
379 1479 594 1520 supremo
614 1470 758 1520 apost.
781 1467 1040 1520 dz'qm'talz‘s.
1065 1490 1090 1495 -
1112 1465 1231 1507 Paul.
1253 1465 1288 1506 V
1306 1468 1608 1508 monasterium
1628 1482 1703 1509 seu

119 1536 453 1588 praeposituram
474 1534 761 1576 Watinensem
783 1535 831 1577 O.
851 1535 891 1577 S.
914 1536 1019 1588 Aug.
1039 1549 1187 1577 canon.
1213 1537 1346 1589 regul.
1370 1538 1469 1579 olim
1491 1538 1697 1580 Morinen.

118 1619 146 1648 a
175 1606 249 1648 Pio
269 1605 306 1646 V
328 1607 371 1646 in
401 1607 611 1647 erectione
642 1606 845 1647 ecclesiae
868 1606 1149 1649 Audomaren.
1183 1607 1280 1648 huic
1311 1610 1489 1662 unitam,
1511 1634 1538 1640 —
1558 1610 1600 1650 in
1621 1624 1705 1663 qua

118 1683 214 1730 post
232 1678 387 1718 eiectos
408 1691 516 1719 anno
541 1678 645 1718 1577
667 1677 764 1718 inde
785 1685 947 1730 septem
963 1677 1178 1730 religiosos
1198 1692 1273 1731 per
1289 1679 1444 1720 milites
1467 1680 1703 1721 haereticos

117 1752 162 1789 et
181 1748 319 1800 ignem
339 1749 593 1798 coniectum,
611 1747 805 1789 omnibus
821 1748 908 1790 fere
925 1748 1130 1790 aedificiis
1147 1748 1386 1801 destructis,
1405 1751 1543 1791 cultus
1566 1752 1702 1792 omnis
1742 1738 1745 1740 ³

116 1819 312 1870 cessavit,
345 1818 508 1860 duobus
542 1819 840 1872 superstitibus
878 1833 1057 1873 quorum
1093 1819 1202 1861 alter
1222 1820 1265 1860 in
1301 1819 1476 1862 aedibus
1506 1820 1704 1874 Episcopi

119 1890 400 1931 Audomaren.
439 1890 701 1943 paraliticus,
743 1890 865 1942 alter,
909 1890 1073 1931 Natalis
1112 1890 1385 1943 Hautsollier‚
1428 1893 1702 1944 sexagenario

121 1962 256 2002 maior
284 1962 328 2002 in
362 1962 544 2003 univers.
578 1961 775 2003 Remensi
810 1966 982 2014 sumptu
1012 1961 1198 2003 eiusdem
1236 1961 1314 2015 Ep.
1339 1968 1544 2015 versatur,
1577 1976 1707 2016 quum

119 2031 162 2073 d.
186 2033 486 2073 monasterium
506 2033 692 2086 reparari
724 2045 806 2074 non
826 2033 958 2085 possit
978 2033 1060 2073 nisi
1084 2034 1137 2073 30
1158 2032 1225 2073 vel
1244 2035 1298 2074 40
1318 2032 1490 2074 florenis
1510 2038 1706 2075 monetae

121 2102 393 2155 Brabanffiae,
430 2104 474 2144 in
508 2103 680 2145 domum
714 2103 831 2157 prob.
871 2102 1159 2156 religiosorum
1194 2102 1236 2145 S.
1268 2103 1304 2146 I.
1341 2105 1447 2145 verti
1482 2104 1704 2157 concedit;

123 2172 292 2214 officiali
332 2173 637 2216 Andomarensi
677 2174 905 2215 committit
944 2178 992 2214 ut
1031 2174 1082 2216 de
1121 2188 1325 2216 consensu
1366 2175 1510 2216 Iacobi
1549 2175 1630 2229 Ep.
1667 2180 1710 2217 et

122 2243 220 2285 nob.
256 2245 337 2285 viri
371 2244 534 2286 Alberti
570 2249 613 2286 et
647 2244 746 2286 nob.
769 2245 874 2287 mul.
898 2244 1107 2286 Isabellae
1141 2245 1291 2286 Clarae
1325 2245 1540 2298 Eugeniae
1573 2245 1710 2287 archi-

121 2314 276 2356 ducum
311 2316 509 2357 Austriae
544 2320 586 2357 et
619 2315 865 2369 Principum
900 2315 1049 2368 Belgfi,
1081 2320 1124 2357 et
1162 2316 1322 2357 vocatis
1356 2316 1568 2367 vocandis,
1607 2330 1706 2369 sup·

124 2399 267 2439 pressa
288 2388 472 2428 essentia
487 2387 688 2440 regulari,
707 2387 894 2439 assignet
914 2390 956 2428 et
976 2387 1096 2427 uniat
1112 2386 1153 2428 d.
1174 2388 1522 2440 praeposituram,
1541 2392 1710 2440 separet

122 2471 150 2499 a
170 2471 314 2499 mensa
334 2459 564 2512 episcopali
584 2458 695 2500 bona
716 2471 770 2499 ex
791 2457 830 2500 d.
855 2471 1000 2511 praep.
1018 2458 1324 2511 provenientia,
1342 2458 1529 2500 redditus
1545 2461 1570 2500 3
1587 2472 1644 2500 m.
1663 2457 1710 2503 fl.

126 2532 169 2570 et
189 2528 229 2570 d.
254 2528 397 2570 domui
417 2529 618 2583 applicet.

125 2593 167 2628 R.
185 2604 244 2637 ap.
265 2594 301 2629 S.
322 2594 362 2630 P.
381 2596 432 2631 IV
449 2594 524 2630 kal.
543 2595 611 2631 Iul.
633 2597 717 2630 1608
735 2595 777 2629 Ρ.
797 2605 855 2629 an.
874 2594 937 2629 IV.

1196 2705 1286 2747 Req.
1306 2704 1396 2740 bun.
1414 2705 1480 2740 JV.
1500 2706 1562 2739 142
1581 2705 1614 2740 b.
1634 2706 1711 2739 346.

208 2826 280 2869 65.
315 2819 562 2880 spirituali
581 2825 911 2867 convnodz'tatz'.
936 2846 962 2853 -
982 2821 1105 2863 Paul.
1128 2821 1164 2862 V
1185 2822 1338 2862 rectori
1364 2826 1407 2863 et
1427 2821 1715 2874 collegialibus

126 2893 223 2936 coll.
246 2894 422 2936 Ianuen.
443 2893 484 2935 S.
503 2893 539 2936 Ι.
558 2894 631 2948 qui
651 2893 876 2934 ecclesiam
896 2892 1034 2934 adhuc
1053 2891 1279 2934 aedificare
1299 2905 1383 2933 non
1403 2896 1644 2945 potuerunt,
1666 2891 1711 2932 in

128 2965 261 3018 ipsius
282 2965 449 3018 collegii
483 2965 682 3018 oratorio,
704 2964 758 3006 ab
793 2963 1015 3006 Ordinario
1034 2964 1150 3018 prius
1184 2964 1410 3014 visitando,
1433 2977 1509 3017 per
1538 2977 1582 3005 se
1603 2964 1715 3017 ipsos
