1989 3252
281 202 419 256 Greg.
442 202 543 245 XV.
957 225 1011 232 -
1040 204 1120 243 296
1149 227 1204 234 -
1742 205 1871 250 1622.

284 287 451 328 biorum
473 287 712 340 consulens,
736 288 787 329 de
807 288 959 331 Cardd.
984 290 1162 342 negotiis
1183 293 1356 343 eperum
1373 294 1416 331 et
1432 290 1686 343 regularium
1702 304 1875 344 praepo-

285 360 461 400 sitorum
484 359 674 411 consilio,
698 364 815 401 motu
837 361 1006 414 proprio
1026 361 1146 402 litem
1168 375 1294 414 super
1314 361 1604 402 iurisdictione
1633 365 1674 403 et
1707 376 1877 416 exemp-

284 431 400 471 tione
428 430 467 471 d.
507 431 623 472 univ.
648 443 674 472 a
709 432 967 472 correctione
1002 435 1044 472 et
1077 432 1316 473 visitatione
1351 432 1562 485 extinguit
1600 432 1681 484 Pii⁷
1704 431 1812 473 sixti
1833 436 1874 473 et

286 501 461 542 Henrici
514 499 749 543 Cardinalis
799 501 969 544 decreta
1017 502 1240 544 confirmat
1287 508 1330 544 et
1378 507 1629 556 perpetuum
1677 503 1874 557 archiep&

284 571 483 613 Elboren.
509 572 842 627 officialibusque
863 587 988 627 super
1008 574 1252 626 praemissis
1273 574 1488 615 silentium
1511 574 1703 628 imponit.

282 638 325 673 R.
343 649 400 681 ap.
415 638 450 672 S.
469 639 518 673 M.
538 640 588 673 Μ.
611 639 694 674 vm
711 640 800 674 Nov.
823 642 905 674 1621
927 639 965 672 p.
987 651 1045 673 an.
1064 640 1092 675 1.

283 733 385 766 Ball.
406 733 513 768 Rom.
1541 735 1628 778 Rey.
1650 735 1736 768 bull.
1762 735 1801 767 V.
1822 737 1874 770 52.

363 844 431 887 19.
466 848 625 898 Nuper
646 857 673 885 a
703 844 834 885 nobis
862 849 1144 886 emanarunt
1166 846 1347 887 litterae
1369 862 1376 887 z
1399 868 1425 873 —
1446 843 1497 884 A.
1522 842 1569 884 P.
1604 842 1652 884 R.
1676 842 1735 884 M.
1773 851 1881 888 Cum.

285 917 401 957 sieut
422 920 700 969 accepimus.
720 911 846 966 Greg.
867 912 944 954 XV
960 913 1208 967 archiepisc.
1229 913 1484 956 Bracharen.
1504 919 1546 955 et
1562 913 1818 956 Ulixbonen.
1840 920 1883 956 et

285 998 402 1025 caus.
427 998 517 1025 cur.
541 998 649 1026 cam.
683 989 818 1037 apost.
843 985 1033 1038 generali
1060 985 1242 1026 auditori
1273 985 1460 1037 mandat,
1493 991 1541 1027 ut
1570 985 1881 1027 immunitatem

285 1055 451 1108 collegii
494 1061 537 1097 et
585 1056 871 1097 universitatis
920 1055 1052 1097 studii
1099 1057 1282 1097 civitatis
1322 1056 1503 1098 Eboren.
1551 1058 1672 1098 iuxta
1711 1057 1882 1098 decreta

286 1126 520 1179 apostolica
541 1126 606 1168 Pii
627 1126 768 1180 Papae
792 1126 827 1167 V
849 1131 891 1168 et
912 1126 1020 1169 Sixti
1042 1127 1121 1168 ΡΡ.
1150 1127 1200 1168 V.
1224 1127 1467 1180 defendant,
1491 1133 1534 1169 et
1563 1128 1880 1181 archiepiscopo

285 1197 466 1239 Eboren.
492 1198 667 1252 eiusque
688 1198 937 1240 officialibus
959 1198 1175 1240 silentium
1196 1199 1427 1252 imponant.

287 1263 329 1298 R.
350 1275 408 1307 ap.
429 1264 466 1298 S.
487 1264 529 1298 P.
549 1264 597 1299 id.
619 1264 708 1300 Nov.
731 1267 814 1299 1621
833 1265 875 1299 Ρ.
895 1275 953 1299 an.
973 1265 1000 1300 I.

1311 1358 1438 1392 Fund.
1460 1358 1580 1392 Lusit.
1602 1364 1627 1392 t.
1647 1358 1706 1392 III
1724 1359 1882 1394 Eboren.

370 1471 446 1514 20.
480 1468 532 1509 A.
555 1467 603 1509 P.
628 1467 678 1509 R.
704 1467 760 1509 M.
787 1475 860 1512 E'm
879 1471 1084 1512 injuncto
1104 1471 1248 1512 nobis.
1273 1493 1298 1498 -
1328 1466 1454 1521 Greg.
1491 1467 1586 1521 XV,
1618 1476 1884 1510 conservato-

288 1540 407 1581 ribus
428 1545 470 1581 et
490 1539 664 1581 consilio
686 1540 766 1581 ciV.
790 1539 1024 1581 Viterbien.
1062 1539 1285 1593 collegium
1321 1539 1363 1581 S.
1401 1539 1435 1581 I.
1470 1539 1809 1581 desiderantibus
1845 1545 1887 1582 et

291 1611 459 1652 Tiberio
481 1612 548 1652 tit.
572 1611 614 1653 S.
638 1611 807 1652 Priscae
827 1610 950 1652 Card.
974 1610 1109 1663 Muto,
1133 1611 1236 1652 eccl.
1261 1610 1496 1652 Viterbien.
1530 1611 1724 1665 praesule
1756 1611 1887 1653 eccle-

291 1684 397 1724 siam
420 1682 460 1724 S.
485 1682 675 1724 Silvestri
695 1696 850 1724 causae
871 1682 1014 1735 praed.
1039 1683 1297 1736 assignante,
1321 1682 1544 1724 confirmat
1565 1683 1886 1724 conventionem

291 1768 387 1796 cum
416 1754 584 1796 clericis
611 1753 653 1795 S.
677 1753 711 1795 I.
736 1755 885 1795 initam
911 1769 919 1794 t
942 1753 985 1795 la
1018 1754 1276 1795 communita
1308 1754 1437 1795 dovra
1474 1754 1581 1795 darli
1616 1754 1734 1795 scudi
1768 1754 1885 1795 mille

292 1825 473 1867 annui...
497 1824 582 1866 fino
603 1829 721 1866 tanto
742 1824 819 1866 che
838 1824 869 1865 li
889 1824 1015 1865 Padri
1037 1825 1344 1878 acquistassero
1366 1823 1480 1876 beni,
1504 1824 1651 1865 danari
1689 1824 1881 1867 stabili...

291 1910 361 1938 ma
395 1897 439 1937 in
475 1896 535 1938 tal
570 1910 667 1938 caso
703 1895 912 1937 s'intenda
944 1900 1055 1937 tutto
1090 1895 1239 1937 cedere
1272 1896 1317 1936 in
1351 1895 1628 1938 diminutione
1658 1896 1759 1937 delli
1780 1895 1884 1938 detti

295 1968 430 2010 scudi.
453 1967 793 2010 Incominciando
815 1967 855 2008 al
889 1969 929 2008 1⁰
965 1967 1007 2008 di
1041 1981 1224 2021 gennaro
1261 1966 1518 2019 MDCXXII,
1556 1968 1674 2009 siano
1710 1967 1883 2021 obligati

294 2039 399 2081 detti
423 2039 548 2080 Padri
570 2044 688 2080 tener
722 2039 895 2080 maestri
930 2039 972 2080 di
1007 2039 1301 2092 grammatica,
1334 2038 1374 2079 di
1411 2039 1645 2090 humanita‚
1668 2038 1710 2080 di
1744 2052 1881 2092 greco,

295 2112 456 2165 poesia,
480 2111 677 2162 retorica‚
702 2110 837 2164 logica
857 2114 900 2151 et
920 2110 1101 2152 filosofia
1121 2115 1164 2151 et
1183 2110 1268 2151 casi
1290 2109 1332 2150 di
1353 2110 1648 2152 conscienza...

295 2178 338 2212 R.
358 2189 417 2221 ap.
438 2177 475 2212 S.
496 2177 537 2211 P.
558 2177 666 2212 XXII
684 2177 774 2211 Nov.
796 2179 877 2212 1621
900 2177 939 2211 P.
960 2187 1018 2210 an.
1037 2177 1064 2212 I.

1502 2270 1588 2313 Rey.
1605 2270 1693 2304 bule.
1720 2271 1755 2304 V.
1775 2272 1828 2306 60.
1849 2271 1883 2305 b.

379 2384 448 2427 21.
482 2388 555 2425 E'w
573 2387 779 2438 suscepto
799 2387 1049 2425 servitutis.
1073 2406 1098 2411 —
1118 2379 1241 2434 Greg.
1261 2380 1352 2434 XV,
1376 2380 1614 2435 petentibus
1634 2380 1882 2434 Raymundo

291 2457 368 2507 epo
391 2453 655 2494 Lemovicen.
679 2457 721 2494 et
740 2456 901 2494 rectore
921 2466 971 2493 ac
992 2451 1281 2505 collegialibus
1316 2452 1411 2495 coll.
1451 2453 1494 2495 S.
1532 2452 1566 2494 Ι.
1608 2451 1872 2494 Lemovicen.

296 2524 470 2566 mandat
490 2524 661 2566 officiali
681 2524 969 2577 Petragorien.
993 2528 1040 2565 ut
1060 2523 1279 2565 confirmet
1299 2524 1498 2566 unionem
1533 2537 1560 2565 a
1593 2523 1633 2565 d.
1672 2527 1751 2577 epo
1786 2537 1881 2565 cum

298 2596 339 2637 d.
363 2595 458 2638 coll.
482 2609 508 2637 a
529 2597 581 2638 20
603 2596 725 2636 annis
761 2595 946 2637 nondum
981 2594 1176 2636 absoluto
1210 2595 1364 2636 factam
1400 2595 1611 2648 prioratus
1645 2594 1691 2636 B.
1736 2594 1788 2636 M.
1827 2594 1880 2636 du

293 2669 393 2710 bosc
412 2668 474 2709 las
497 2669 676 2722 monjas‚
699 2668 805 2709 alias
828 2667 1089 2708 Morbonaud
1111 2667 1159 2708 O.
1197 2666 1239 2709 S.
1277 2668 1384 2720 Aug.
1423 2666 1647 2708 Lemoven.
1685 2665 1820 2708 dioec.
1858 2679 1882 2707 a

296 2740 507 2782 Ludovica
531 2739 581 2780 de
601 2739 735 2781 David
757 2740 957 2792 priorissa
978 2752 1026 2780 eo
1056 2737 1140 2780 fine
1176 2739 1219 2779 in
1255 2751 1403 2779 manus
1439 2737 1650 2779 Ordinarii
1683 2738 1883 2791 resignati

295 2817 338 2854 et
358 2826 382 2852 a
404 2812 592 2864 prioratu
614 2810 785 2852 Daureil
807 2809 905 2851 Ord.
932 2814 974 2851 et
994 2809 1125 2851 dioec.
1165 2808 1370 2861 praedict.
1409 2807 1698 2862 dependentis,
1721 2809 1764 2849 in
1800 2822 1881 2862 quo

294 2882 413 2924 nulla
433 2881 520 2924 alia
540 2880 735 2923 monialis
756 2882 978 2934 reperitur.
1004 2880 1071 2922 Fr.
1096 2882 1150 2922 24
1171 2880 1265 2921 duo.

294 2950 335 2984 R.
356 2961 413 2993 ap.
435 2948 471 2983 S.
489 2949 530 2983 P.
549 2959 602 2992 pr.
622 2948 670 2982 id.
690 2948 766 2983 Ian.
788 2950 867 2983 1621
891 2947 933 2981 Ρ.
952 2958 1011 2981 an.
1030 2947 1058 2982 Ι.

1553 3035 1639 3077 Ray.
1659 3035 1746 3068 buu.
1773 3035 1809 3068 V.
1828 3036 1882 3070 81.
