1989 3252
217 215 359 259 Clem.
385 215 496 259 XII.
886 238 940 243 —
969 215 1050 254 460
1083 237 1130 243 —
1674 212 1805 256 1734.

301 303 371 346 10.
408 303 456 343 Α.
480 299 526 342 F.
553 300 603 342 R.
638 300 696 341 M.
721 305 906 357 Expom'
925 304 1055 344 nobis
1075 315 1235 357 nuper.
1275 325 1301 330 -
1334 298 1465 340 Clem.
1508 297 1591 338 XII
1629 297 1809 339 alumnis

218 372 433 413 seminarii
465 371 641 413 Fulden.
667 386 691 412 a
726 371 846 424 Greg.
873 370 977 411 XIII
1012 371 1141 412 erecti
1176 375 1218 412 et
1252 370 1305 411 ab
1327 369 1434 411 Urb.
1461 368 1562 409 VIII
1585 369 1807 409 instaurati

216 448 390 484 renovat
418 448 461 484 et
491 443 628 484 denuo
651 442 874 484 confirmat
894 442 1158 496 privilegium
1184 444 1233 483 10
1255 441 1368 495 Sept.
1397 442 1503 482 1584
1524 440 1669 481 datum
1691 443 1733 481 et
1752 442 1806 481 20

217 515 322 567 Aug.
350 516 455 556 1588
478 513 774 555 confirmatum
796 521 843 555 ut
873 513 1038 555 ordines
1060 527 1199 554 sacros
1221 513 1409 565 recipere
1430 516 1473 552 et
1495 512 1537 552 in
1559 511 1643 552 illis
1666 511 1804 552 minis·

216 591 328 627 trare
350 586 519 627 valeant
540 587 629 627 sine
651 585 900 626 dimissoriis
921 585 1078 639 proprii
1099 584 1310 625 Ordinarii
1341 588 1386 625 et
1415 597 1510 624 cum
1541 582 1641 624 solis
1671 582 1807 623 literis

217 658 573 699 testimonialibus
604 672 628 699 a
663 663 827 699 rectore
861 657 1085 699 Seminarii
1116 655 1260 697 abbati
1296 655 1327 695 F
1330 654 1496 695 uldensi
1517 653 1669 695 oblatis
1691 658 1734 694 et
1754 653 1807 694 ab

217 744 266 771 eo
288 730 535 783 subscriptis
556 730 731 783 eiusque
752 729 888 782 sigillo
909 729 1100 779 munitis,
1120 728 1247 782 idque
1271 740 1352 768 non
1368 725 1633 768 obstantibus
1654 725 1808 766 litteris

217 810 352 855 apost.
377 801 430 842 ab
454 800 556 843 Urb.
585 800 687 842 VIII
708 800 776 842 die
798 800 853 841 IV
878 800 962 842 kal.
988 799 1079 841 Ian.
1108 801 1212 841 1628
1234 798 1359 840 datis.

215 868 259 902 R.
279 879 335 911 ap.
358 868 392 902 S.
413 869 462 903 M.
486 868 535 901 M.
556 868 681 903 XXXI
698 868 764 903 Iul.
787 869 872 902 1733
890 867 930 900 P.
951 878 1009 901 an.
1029 866 1091 902 IV.

1212 974 1337 1008 Fund.
1357 984 1429 1008 ass,
1455 973 1579 1008 Germ.
1599 979 1621 1006 t.
1640 973 1662 1005 I
1678 984 1711 1016 p.
1731 975 1807 1008 316.

301 1089 367 1132 11.
386 1087 436 1128 A.
457 1087 504 1128 P.
530 1085 577 1127 R.
606 1084 663 1126 Μ.
692 1089 979 1142 Apostolz‘cae
996 1087 1328 1142 providentiae.
1353 1109 1378 1114 -
1394 1082 1526 1124 Clem.
1547 1081 1644 1134 XII,
1664 1081 1809 1123 dolens

218 1160 441 1212 plerosque
462 1158 735 1200 dissensionis
756 1157 867 1199 filios
888 1156 1140 1198 contendere
1162 1157 1350 1198 censuris
1373 1155 1513 1196 bullae
1538 1161 1808 1211 Uniqenz‘ms

217 1230 449 1272 doctrinam
467 1230 537 1272 SS.
560 1230 783 1281 Augustini
803 1233 845 1270 et
862 1228 1047 1270 Thomae
1069 1228 1120 1269 de
1143 1228 1308 1269 divinae
1329 1227 1490 1280 gratiae
1512 1227 1695 1268 efficacia
1716 1240 1809 1267 esse

218 1303 502 1356 perstrictam,
521 1302 730 1355 praecipit
750 1315 803 1342 ne
824 1300 1106 1341 defendantur
1126 1300 1191 1340 vel
1212 1300 1485 1341 enuntientur
1504 1299 1809 1352 propositiones

217 1388 326 1428 quae
362 1373 438 1415 has
474 1378 721 1415 novatorum
759 1372 994 1414 calumnias
1029 1372 1199 1412 firmare
1223 1371 1396 1424 possint
1421 1387 1429 1423 3
1453 1384 1535 1411 non
1557 1369 1646 1410 vult
1668 1375 1809 1410 tamen

217 1461 291 1501 per
320 1447 467 1488 laudes
501 1447 769 1488 thomisticae
804 1445 973 1486 scholae
1009 1444 1214 1499 quidquid
1248 1443 1411 1484 detrahi
1447 1443 1624 1483 caeteris
1655 1441 1809 1483 scholis

217 1519 385 1560 diversa
406 1520 446 1559 in
470 1518 725 1572 explicanda
746 1519 907 1571 gratiae
942 1516 1130 1558 efficacia
1160 1515 1457 1567 sentientibus,
1479 1514 1675 1568 prohibet
1694 1527 1746 1555 ea
1765 1514 1808 1553 in

216 1605 260 1632 re
281 1595 423 1633 notam
445 1596 519 1632 aut
539 1603 762 1632 censuram
783 1589 1061 1642 theologicam
1084 1588 1213 1629 ullam
1236 1588 1361 1629 inuri.

215 1658 258 1692 R.
281 1669 336 1701 ap.
360 1658 395 1691 S.
418 1658 468 1692 M.
487 1658 537 1693 M.
557 1658 589 1692 II
608 1657 687 1691 Oet.
711 1658 795 1692 1733
813 1657 854 1690 Ρ.
875 1667 933 1690 an.
953 1655 1013 1691 IV.

212 1767 305 1800 Nov.
327 1767 430 1800 Butb.
452 1766 537 1809 SUI.
560 1769 634 1800 245.

300 1885 369 1927 12.
406 1888 695 1939 Compertum
719 1885 1117 1938 emploratumquc.
1142 1905 1167 1910 -
1185 1878 1315 1920 Clem.
1337 1878 1419 1920 XII
1436 1879 1642 1932 episcopis
1656 1883 1700 1919 et
1715 1878 1813 1918 mis-

215 1955 409 1995 sionariis
431 1955 473 1994 in
510 1954 648 2007 regnis
676 1952 770 1994 Ind.
795 1952 866 1994 Or.
890 1951 1149 2003 Madurensi,
1174 1951 1460 2004 Mayssurensi
1492 1956 1535 1991 et
1563 1949 1811 1991 Garnatensi

216 2025 389 2067 mandat
411 2030 458 2066 ut
477 2025 718 2067 custodiant
739 2030 782 2065 et
798 2024 958 2066 servari
988 2027 1137 2065 curent
1158 2023 1339 2064 insertas
1360 2022 1639 2064 resolutiones
1666 2020 1809 2064 Cardi-

215 2097 374 2139 nalium
397 2097 700 2152 Inquisitorum
722 2110 847 2150 super
868 2096 996 2137 dubia
1021 2098 1069 2136 16
1093 2100 1241 2137 exorta
1262 2095 1481 2136 occasione
1502 2094 1661 2135 decreti
1682 2092 1804 2134 Card.

215 2168 310 2211 Car.
336 2169 415 2210 Th.
440 2169 637 2211 Maillard
659 2169 710 2210 de
734 2169 947 2221 Tournon,
971 2168 1075 2209 editi
1097 2167 1365 2208 Pondicherii
1388 2168 1439 2208 23
1461 2165 1554 2207 Iun.
1583 2166 1701 2206 1704.

215 2236 259 2270 R.
280 2248 336 2279 ap.
358 2236 393 2271 S.
415 2237 463 2271 M.
485 2237 533 2271 M.
553 2237 638 2272 XVI
656 2237 733 2272 Ian.
755 2238 838 2271 1734
857 2236 897 2270 P.
917 2246 976 2270 an.
996 2235 1059 2270 IV.

215 2346 316 2379 Ball.
337 2346 382 2380 de
397 2357 455 2389 pr.
476 2347 501 2389 f.
522 2346 565 2380 II
576 2348 650 2380 448.

299 2469 366 2512 13.
403 2470 474 2510 Art
494 2468 771 2521 amendam.
796 2489 821 2495 -
844 2464 977 2506 Clem.
1002 2461 1084 2504 XII
1120 2463 1205 2504 ind.
1246 2462 1359 2516 plen.
1383 2463 1424 2502 in
1447 2460 1547 2503 eccl.
1571 2460 1613 2502 S.
1637 2459 1672 2501 1.
1696 2460 1763 2501 die
1784 2464 1808 2502 5

217 2537 340 2579 Febr.
364 2537 569 2586 concedit,
592 2536 646 2578 ad
667 2537 950 2590 septennium.

214 2604 257 2639 R.
279 2617 337 2647 ap.
360 2604 395 2639 S.
419 2606 466 2637 M.
489 2606 534 2638 M.
557 2602 680 2638 XXIV
700 2603 794 2644 Aug.
816 2604 911 2637 1734.
934 2602 973 2635 Ρ.
995 2612 1053 2635 an.
1074 2601 1117 2635 V.

216 2714 275 2748 Ex
293 2721 367 2759 cyp.
387 2726 481 2749 cam.
501 2726 562 2758 ap.
1661 2710 1804 2743 Ranae.

305 2839 370 2881 14.
408 2836 455 2877 A.
495 2835 542 2876 F.
581 2834 629 2877 R.
657 2835 698 2875 M
742 2843 849 2880 Cum
871 2838 1045 2879 (ludum
1068 2837 1239 2890 felt-ec.
1276 2859 1301 2865 -
1332 2832 1462 2875 Clem.
1502 2831 1601 2884 XII,
1638 2835 1809 2896 petente

219 2906 339 2948 Proc.
376 2921 470 2960 gen.
496 2905 536 2948 S.
562 2906 616 2960 1.‚
639 2906 692 2948 ad
713 2909 766 2949 20
801 2921 932 2948 annos
963 2911 1137 2949 renovat
1157 2905 1402 2947 facultatem
1425 2902 1695 2957 dispensandi
1714 2916 1810 2944 cum

218 2978 441 3031 neophytis
478 2978 693 3020 Indiarum
731 2979 773 3019 in
809 2978 1008 3032 gradibus
1043 2977 1258 3019 affinitatis
1278 2977 1345 3018 vel
1367 2973 1761 3029 consanguinitatis,
1783 2987 1809 3014 a

218 3048 292 3089 Pio
328 3048 385 3090 IV
427 3051 475 3091 15
511 3048 592 3091 Iul.
620 3051 725 3092 1563
761 3054 803 3091 et
823 3050 1048 3091 novissime
1086 3050 1131 3090 11
1156 3047 1250 3090 Iun.
1279 3048 1380 3089 1701
1405 3061 1430 3089 a
1467 3046 1597 3088 Clem.
1622 3043 1660 3085 X
1681 3043 1734 3086 ad
1755 3045 1807 3086 20
