2912 4368
291 711 432 756 Pauli
453 712 504 754 V.
960 734 1012 740 —
1042 712 1120 750 283
1151 736 1203 739 —
1746 710 1872 753 1618.

382 800 476 843 211.
512 800 584 841 Acl
605 813 656 841 ea
678 813 792 853 quae
812 802 1095 854 apostoncae.
1121 823 1145 827 -
1168 798 1286 838 Paul.
1310 796 1361 848 V,
1386 797 1626 850 petentibus
1656 796 1792 849 priore
1831 800 1872 836 et

299 868 484 920 capitulo
522 869 625 909 eccl.
663 869 704 909 S.
742 868 958 921 Sepulchri
995 870 1073 909 civ,
1113 868 1365 909 Calataiubii
1408 868 1653 909 Tirasonen.
1673 867 1805 908 dioec.
1831 871 1873 907 et

298 944 461 980 rectore
483 944 524 979 et
545 940 797 991 presbyteris
818 940 912 980 coll.
936 939 975 980 S.
1006 940 1039 979 I.
1078 939 1262 980 eiusdem
1298 939 1456 992 oppidi,
1480 940 1607 992 priori
1645 938 1873 979 saecularis

299 1014 342 1049 et
362 1009 605 1061 collegiatae
640 1010 740 1050 eccl.
780 1009 917 1062 oppidi
954 1011 1004 1049 de
1038 1010 1209 1050 Alcaniz
1244 1009 1621 1061 Caesaraugustan.
1661 1008 1794 1049 dioec.
1833 1012 1875 1048 et

299 1079 463 1120 officiali
485 1080 858 1132 Caesaraugustan.
879 1080 1047 1120 mandat
1064 1086 1107 1120 ut
1126 1080 1349 1120 decernant
1364 1079 1525 1119 litteras
1547 1078 1874 1120 confirmationis

300 1150 545 1191 concordiae
563 1150 640 1196 (cfr
656 1164 782 1203 supra
800 1165 838 1191 n.
857 1152 949 1199 190)
968 1150 1138 1203 perinde
1156 1150 1293 1191 valere
1310 1164 1358 1190 ac
1375 1151 1407 1190 si
1420 1152 1462 1190 in
1475 1150 1574 1201 illis,
1589 1149 1875 1202 quodtempus

299 1224 321 1261 6
344 1221 550 1261 mensium
572 1221 653 1261 iam
676 1226 773 1261 tunc
796 1221 1028 1271 effluxerat,
1053 1234 1294 1273 expressum
1318 1221 1480 1261 fuisset.

297 1287 337 1320 R.
358 1298 415 1329 ap.
437 1286 472 1320 S.
493 1286 541 1319 M.
564 1286 611 1319 M.
635 1297 716 1319 non.
739 1288 823 1329 Apr.
852 1289 931 1320 1618
950 1288 989 1321 P.
1011 1297 1068 1319 an.
1090 1286 1185 1321 XIII.

1494 1406 1583 1449 Rey.
1604 1405 1692 1438 bull.
1714 1404 1777 1438 IV.
1799 1406 1874 1439 307.

378 1528 475 1570 ⁶212.
511 1529 582 1568 Ad
603 1528 866 1580 (tacendam
888 1528 1106 1578 fidelium.
1145 1550 1170 1555 -
1206 1524 1323 1565 Paul.
1357 1522 1393 1563 V
1419 1522 1772 1564 Christifidelibus
1807 1523 1877 1575 qui

304 1597 483 1638 orationi
504 1599 556 1637 40
574 1596 770 1637 horarum
789 1597 998 1636 <lominica
1014 1596 1382 1649 quinquagesimae
1399 1600 1472 1635 aut
1488 1595 1621 1634 altera
1642 1608 1692 1634 ex
1715 1592 1876 1633 duabus

302 1667 547 1708 immediate
570 1666 839 1719 sequentibus
861 1667 974 1707 feriis
997 1668 1038 1706 iu
1069 1667 1256 1707 ecclesiis
1286 1665 1325 1707 S.
1368 1667 1398 1706 I.
1439 1665 1719 1715 interfuerint,
1744 1664 1879 1703 indul-

301 1739 484 1791 gentiam
508 1738 738 1789 plenariam
763 1738 967 1778 concedit.
994 1737 1220 1778 Mediolani
1243 1738 1347 1777 hanc
1372 1737 1600 1777 orationem
1618 1735 1726 1775 infra
1746 1736 1794 1775 15
1811 1748 1880 1774 eos

303 1809 389 1850 dies
426 1809 497 1862 qui
533 1808 782 1849 dominicam
825 1810 1000 1860 primam
1045 1808 1385 1862 quadragesimae
1435 1806 1686 1861 praecedunt
1736 1805 1878 1846 haberi

301 1894 421 1933 posse
445 1879 648 1921 concedit.
674 1879 737 1919 Ad
759 1880 1037 1932 septennium.

301 1946 346 1982 R.
368 1957 425 1989 ap.
449 1945 484 1979 S.
504 1947 555 1981 M.
576 1947 621 1977 Μ.
649 1945 770 1981 XXIV
788 1946 855 1980 Iul.
878 1948 959 1980 1618
978 1946 1017 1980 P.
1038 1958 1082 1980 an
1117 1947 1215 1981 XIV.

1450 2065 1535 2106 Rea.
1555 2064 1641 2097 hzdl.
1665 2064 1729 2096 IV.
1749 2066 1825 2098 314.
1846 2064 1879 2096 b.

387 2188 486 2231 *213-
524 2192 759 2228 Im'mwlae
779 2188 909 2227 ombfs
929 2187 1142 2228 (lebetum.
1173 2209 1197 2213 -
1234 2184 1350 2224 Paul.
1376 2182 1424 2234 V,
1448 2182 1686 2235 petentibus
1722 2182 1870 2234 Praep.

304 2255 410 2297 Gen.
435 2256 475 2297 S.
501 2255 533 2296 I.
561 2261 597 2295 et
622 2256 918 2296 communitate
941 2260 977 2294 et
1003 2254 1240 2294 hominibus
1267 2255 1448 2294 civitatis
1475 2253 1691 2293 Faventin.
1718 2252 1880 2293 Vicurio

306 2327 491 2379 generali
514 2327 709 2379 Episcopi
734 2326 952 2366 Faventini
975 2325 1147 2365 mandat
1183 2325 1346 2364 litteras
1382 2325 1545 2364 unionis
1580 2324 1681 2363 eccl.
1720 2324 1757 2364 S.
1784 2322 1881 2363 Cas—

310 2400 415 2439 siani
436 2412 528 2438 cum
552 2398 644 2439 coll.
670 2398 709 2438 S.
737 2398 770 2437 I.
796 2397 1022 2437 Faventino
1046 2396 1217 2449 perinde
1240 2396 1378 2436 valere
1401 2410 1447 2435 ac
1471 2397 1501 2435 si
1527 2408 1651 2435 curae
1671 2397 1719 2434 18
1738 2395 1881 2434 domus

310 2469 479 2510 subesse
501 2474 543 2509 et
564 2471 614 2508 20
637 2469 802 2509 circiter
825 2468 1004 2508 familias
1029 2469 1068 2507 in
1092 2469 1140 2507 iis
1162 2468 1351 2507 habitare
1375 2472 1587 2506 narratum
1611 2466 1771 2506 fuisset.

307 2536 350 2570 R.
371 2546 425 2578 ap.
449 2535 483 2569 S.
505 2535 554 2568 M.
575 2535 623 2569 M.
646 2546 696 2577 pr.
719 2535 765 2567 i‹l.
786 2534 882 2576 Sept.
906 2538 985 2568 1610Ι
1004 2535 1043 2567 P.
1065 2545 1121 2566 an.
1146 2533 1238 2567 XIV.

1506 2653 1591 2694 Rey.
1612 2651 1699 2685 hall.
1721 2651 1787 2685 IV.
1807 2653 1881 2685 319.

388 2776 487 2818 214.
527 2780 859 2830 Circumspecm
895 2781 1017 2818 Hom.
1051 2776 1300 2826 Pontifici&
1339 2797 1362 2802 -
1399 2771 1516 2812 Paul.
1552 2771 1603 2822 V⁷
1642 2771 1882 2824 petentibus

311 2844 461 2897 Praep.
485 2845 586 2885 Gen.
613 2845 654 2885 S.
679 2845 712 2885 Ι.
738 2851 777 2884 et
798 2845 944 2886 incolis
966 2846 1044 2885 civ.
1070 2843 1336 2884 Ebredunen.
1361 2843 1614 2883 orthodoxae
1636 2842 1731 2883 fidei
1754 2842 1884 2882 culto-

312 2915 444 2967 ribus,
484 2916 679 2969 archiep&
715 2915 982 2955 Ebredunen.
1020 2914 1189 2955 mandat
1221 2921 1265 2954 ut
1287 2927 1380 2954 cum
1402 2914 1573 2965 collegio
1596 2913 1636 2953 d.
1662 2912 1752 2954 Soc.
1778 2914 1817 2952 111
1842 2912 1881 2952 d.

314 2987 485 3027 civitate
508 2991 744 3027 constructo
772 2987 889 3026 uniat
923 2987 1152 3038 prioratum
1190 2985 1227 3025 S.
1267 2984 1456 3025 Andreae
1490 2998 1616 3037 prope
1653 2983 1882 3037 Vapincen.

309 3057 596 3099 Cluniacensis
618 3057 714 3097 Ord.
735 3071 758 3097 a
775 3056 951 3097 Girardo
968 3056 1129 3108 Peyron
1149 3056 1283 3108 priore
1301 3069 1372 3107 per
1388 3060 1697 3107 procuratorem
1714 3054 1883 3094 Petrum

312 3127 454 3169 Iennel
476 3128 673 3168 clericum
697 3127 935 3168 Verdunen.
961 3128 1233 3179 resignatum,
1258 3127 1299 3166 in
1326 3139 1406 3179 quo
1430 3139 1454 3166 a
1474 3128 1525 3167 50
1555 3125 1674 3166 annis
1703 3123 1772 3165 off.
1798 3124 1881 3164 div.

310 3199 501 3249 cessavit,
525 3197 727 3239 aedificiis
750 3212 822 3251 per
845 3199 1073 3238 haereticos
1095 3197 1260 3248 dirutis,
1284 3197 1355 3249 qui
1377 3210 1401 3236 a
1422 3196 1673 3237 monasterio
1699 3194 1884 3246 generali

310 3267 574 3309 Cluniacensi
609 3268 829 3321 dependet.
871 3267 938 3308 Fr.
979 3270 1030 3308 24
1065 3267 1158 3308 duc.
1198 3268 1384 3307 Accedat
1423 3280 1647 3307 consensus
1687 3265 1884 3305 Ludovici

308 3337 427 3378 Card.
454 3352 478 3378 a
498 3338 670 3390 Guysia.

308 3403 349 3438 R.
369 3415 426 3448 ap.
449 3403 483 3438 S.
505 3404 553 3438 M.
574 3405 622 3438 M.
644 3404 689 3438 id.
715 3404 810 3448 Sept.
834 3407 916 3439 1618
935 3405 973 3438 P.
995 3415 1052 3438 an.
1072 3404 1169 3439 XIV.

1457 3527 1543 3568 Ray.
1564 3525 1653 3559 buu.
1674 3526 1736 3560 JV.
1756 3528 1830 3561 328.
1851 3526 1872 3559 b
