1989 3252
102 182 275 226 Bened.
298 180 423 225 XIV.
773 204 821 208 m
852 180 932 220 479
964 203 1015 209 ...
1550 177 1680 221 1758.

101 282 186 310 sac.
210 267 315 321 prof.
340 266 381 309 S.
404 266 439 309 I.
464 267 716 320 martyrium
747 272 954 321 constare,
978 271 1070 308 tuto
1099 264 1267 320 procedi
1289 278 1411 318 posse
1431 263 1486 305 ad
1505 262 1679 317 approb.

103 343 283 393 quatuor
303 338 614 380 miraculorum.

104 405 146 440 R.
165 416 221 448 ap.
243 405 278 439 S.
301 404 349 437 M.
371 404 419 438 M.
444 405 493 440 IX
513 405 615 438 Febr.
637 407 722 440 1755
741 405 780 439 Ρ.
801 415 859 439 an.
880 405 960 438 XV.

110 514 208 547 Ball.
230 513 333 547 Rom.

188 624 258 666 71.
290 620 419 672 Cong.
442 632 527 660 sac.
552 620 622 659 rit.
646 624 690 659 et
705 618 791 661 ind.
807 643 832 648 —
846 618 1039 659 Patribus
1058 619 1332 659 missionariis
1349 619 1391 659 S.
1410 618 1445 660 Ι.
1466 619 1509 659 in
1530 617 1683 659 Hiber-

103 693 190 744 nia,
214 704 287 745 pro
310 703 470 732 novena
490 691 532 730 in
563 690 660 731 hon.
685 690 726 731 S.
752 689 818 731 Fr.
844 688 949 730 Xav,
974 690 1098 730 variis
1121 690 1162 730 in
1190 689 1292 730 locis
1312 688 1565 731 celebranda
1585 702 1679 729 cum

105 776 234 816 expos
272 760 342 804 SS.
365 760 626 803 Sacramenti
647 760 732 801 ind.
757 760 991 813 plenariam
1012 759 1265 813 petentibus,
1289 773 1400 814 resp.
1428 759 1686 802 :conceden-

105 833 201 874 dam
222 832 351 874 semel
373 845 445 885 per
466 844 671 872 novenam
693 830 747 872 ad
767 831 1053 884 septennium.

104 902 145 934 27
164 898 263 942 Sept.
286 900 381 933 1755.

1540 1005 1687 1040 Buzzae.

191 1117 261 1161 72.
297 1118 558 1159 coelestium
581 1130 838 1158 munerum.
863 1139 888 1144 —
915 1115 1013 1156 Ben.
1037 1113 1151 1167 XIV⁷
1175 1118 1344 1167 petente
1374 1113 1546 1165 Aloysio
1582 1111 1687 1154 Cen—

109 1187 273 1227 turione
301 1185 342 1228 S.
366 1184 400 1227 I.
426 1185 574 1239 Praep.
599 1185 702 1227 Gen.
726 1184 812 1226 ind.
848 1185 958 1239 plen.
984 1199 1056 1238 pro
1092 1185 1360 1226 missionibus
1395 1183 1600 1234 concedit,
1636 1184 1688 1224 ad

109 1258 389 1310 septennium.
413 1255 513 1309 (Cfr.
539 1270 578 1298 n.
603 1258 688 1307 39).

109 1323 154 1357 R.
173 1333 231 1365 ap.
253 1322 290 1358 S.
309 1322 358 1356 M.
381 1323 428 1357 M.
449 1323 483 1357 X
505 1322 574 1356 Dec
608 1326 692 1357 1755
710 1322 751 1356 P.
771 1334 831 1357 an.
851 1322 946 1357 XVI.

111 1430 184 1474 Ex.
205 1438 280 1476 typ.
299 1442 391 1465 cam.
412 1442 471 1475 ap.
491 1432 540 1475 s'0.
1546 1429 1690 1462 Bullae.

195 1554 265 1597 73.
300 1552 350 1594 A.
374 1550 422 1593 F.
445 1551 495 1593 R.
521 1551 578 1593 M.
607 1558 712 1596 Cum
734 1555 1022 1596 venerabiles.
1046 1576 1072 1582 -
1096 1552 1194 1593 Ben.
1216 1549 1313 1591 XIV
1335 1551 1376 1591 in
1398 1550 1692 1591 controversiis

114 1624 222 1664 inter
255 1622 346 1675 Ign.
383 1622 434 1663 de
470 1621 633 1663 Padilla
672 1623 846 1676 eiusque
883 1635 1162 1663 successorem
1205 1621 1285 1663 Ios.
1328 1619 1501 1662 Moreno
1535 1620 1691 1672 Curiel,

114 1694 155 1736 S.
179 1694 388 1736 Dominici
416 1695 458 1734 iu
489 1694 627 1735 insula
648 1693 896 1746 Hispaniola
918 1693 1012 1735 Iud.
1046 1695 1147 1735 Oce.
1171 1693 1506 1746 archiepiscopos
1536 1706 1588 1734 ex
1610 1706 1694 1733 una

113 1770 231 1820 parte
266 1770 309 1807 et
328 1765 466 1818 presb.
501 1765 541 1807 S.
566 1765 601 1806 Ι.
625 1779 677 1807 ex
712 1765 796 1806 alia
831 1767 944 1806 circa
978 1765 1310 1819 dispensationes
1344 1764 1690 1816 matrimoniales,

113 1850 310 1890 responsa
342 1835 492 1890 Congr.
518 1835 680 1890 Inquis.
705 1838 756 1877 29
792 1836 872 1878 Iul.
901 1838 1005 1878 1755
1036 1836 1088 1877 ad
1122 1839 1146 1877 5
1168 1835 1296 1876 dubia
1330 1836 1544 1889 proposita
1577 1839 1688 1876 auct.

114 1913 249 1961 apost.
274 1907 511 1949 confirmat.

112 1973 153 2008 R.
173 1984 230 2017 ap.
252 1973 287 2008 S.
308 1973 358 2007 M.
381 1974 429 2007 M.
451 1973 554 2008 XVII
575 1975 650 2008 Ian.
672 1975 754 2008 1757
773 1973 814 2007 P.
834 1985 893 2007 an.
913 1972 1028 2008 XVII.

110 2081 213 2118 Ball.
233 2082 338 2117 Rom.
361 2100 403 2106 —-
423 2082 522 2116 Buzz.
541 2082 586 2116 de
600 2092 760 2126 propay.
778 2082 853 2125 fide
868 2082 937 2116 III.
956 2084 1032 2116 675.

196 2209 268 2252 74.
301 2207 352 2248 A.
384 2206 431 2248 F.
464 2207 515 2248 R.
549 2206 606 2248 M.
632 2209 882 2251 Laudabile
904 2214 1028 2251 Rom.
1054 2209 1344 2261 Pontificum.
1383 2230 1407 2236 -
1438 2206 1539 2247 Ben.
1578 2205 1693 2259 XIV,

57 2298 60 2303 ·
116 2278 296 2320 Antonio
331 2277 495 2319 Timoni
518 2276 607 2319 Vic.
631 2277 736 2319 Gen.
761 2277 801 2319 S.
825 2277 860 2320 I.
885 2283 1121 2331 exponente
1152 2291 1205 2318 ex
1226 2278 1317 2318 iure
1341 2277 1575 2331 Societatis‚
1598 2290 1694 2318 con-

116 2348 281 2391 firmato
315 2362 391 2402 per
425 2348 537 2390 decr.
575 2361 715 2401 congr.
758 2349 1049 2402 episcoporum
1085 2352 1127 2389 et
1165 2347 1296 2400 regul.
1338 2348 1443 2388 1713
1489 2348 1530 2388 in
1566 2360 1694 2388 causa

117 2419 327 2461 Asculana
347 2424 390 2460 et
412 2420 517 2460 1740
539 2420 580 2460 in
603 2432 731 2460 causa
753 2419 966 2472 Firmana,
989 2419 1331 2472 congregationes
1352 2431 1434 2460 non
1455 2431 1577 2471 posse
1598 2431 1693 2471 pos-

116 2489 250 2532 sidere
271 2496 314 2531 ot
345 2503 492 2543 parere
512 2489 665 2531 debere
700 2489 849 2542 Praep.
873 2488 1069 2530 Generali
1105 2488 1147 2530 S.
1171 2488 1206 2530 I.
1230 2488 1372 2529 -lites
1407 2488 1460 2529 de
1495 2487 1568 2529 illo
1602 2489 1693 2530 iure

117 2559 346 2613 pendentes
361 2560 414 2601 ad
430 2573 475 2601 se
490 2564 651 2612 avocat,
670 2559 840 2601 decreta
859 2558 1094 2611 confirmat,
1113 2564 1155 2600 et
1170 2559 1318 2599 statuit
1334 2559 1503 2612 quasvis
1523 2571 1693 2611 congre-

116 2632 304 2684 gationes
323 2632 367 2672 in
386 2630 578 2672 domibus
598 2630 640 2672 d.
658 2630 700 2672 S.
718 2634 894 2681 erectas,
913 2629 1065 2683 Praep.
1084 2629 1188 2671 Gen.
1207 2642 1297 2671 esse
1319 2628 1529 2670 subiectas
1550 2628 1689 2683 quoad

116 2702 347 2744 dominium
366 2702 639 2756 supellectilis
659 2706 701 2743 et
720 2701 859 2756 quoad
878 2701 1044 2753 regulas
1065 2707 1107 2742 et
1128 2701 1331 2754 regimen.

117 2768 161 2804 R.
180 2779 238 2812 ap.
258 2768 292 2803 S.
314 2768 362 2802 M.
385 2768 434 2802 M.
453 2768 522 2802 XV
540 2768 644 2802 Febr.
667 2769 752 2804 1758
769 2767 810 2804 Ρ,
830 2778 888 2801 an.
908 2766 1041 2803 XVIII.

119 2874 213 2909 Nov.
233 2876 320 2909 bull.
339 2875 374 2909 S.
397 2875 424 2910 I.
442 2877 517 2910 305.

203 2986 272 3029 75.
307 2991 363 3029 Le
396 2987 613 3042 replicate
649 2991 837 3030 istanze.
875 3010 900 3016 -
935 2983 1037 3027 Ben.
1081 2982 1180 3026 XIV
1220 2981 1432 3026 Cardinali
1467 2981 1692 3036 Saldagna,
