1989 3252
230 196 374 240 Pauli
394 195 447 238 V.
899 216 956 222 —
983 193 1064 235 256
1095 217 1148 223 —
1693 195 1823 240 1610.

310 284 409 327 104.
444 285 629 336 Exponz'
648 282 779 323 nohis
800 294 962 336 nuper.
987 304 1014 310 —
1045 279 1164 321 Paul.
1190 280 1227 321 V
1249 280 1300 322 de
1335 280 1456 322 bonis
1475 292 1501 321 a
1531 279 1658 321 Petro
1678 280 1749 322 Fr.
1773 282 1824 324 (16

228 353 363 405 Mera,
387 352 543 392 valoris
564 353 588 391 8
620 365 677 392 m.
701 349 889 392 redditus
920 364 1017 392 vero
1039 353 1120 392 300
1143 351 1256 403 duc.,
1278 352 1439 393 relictis
1474 354 1518 392 et
1548 350 1599 392 (16
1632 350 1750 393 bonis
1771 353 1824 394 ab

230 425 322 465 eius
342 422 613 474 haeredibus,
637 420 886 463 Sebastiano
910 422 960 463 de
981 421 1101 463 Mera
1123 423 1263 476 presb.
1287 423 1418 464 fratre
1439 435 1570 474 germ.
1590 426 1633 463 et
1653 420 1826 475 Magda-

230 496 328 537 lena
362 508 464 546 sor.,
497 494 651 534 valoris
687 497 710 534 7
747 507 803 535 m.
827 493 1018 534 redditus
1053 508 1152 535 vero
1188 496 1268 536 250
1305 494 1401 535 (1116.
1424 497 1621 534 monetae
1655 493 1821 547 hispan.

230 566 457 608 destinatis
472 564 525 606 ad
545 564 837 606 fundationem
860 564 1107 605 monasterii
1122 564 1332 615 virginum
1352 564 1396 604 in
1417 578 1513 617 opp.
1534 564 1586 605 de
1607 564 1822 617 Almagro,

229 638 334 679 null.
355 637 489 678 dioec.
511 637 749 690 provinciae
765 635 959 678 Toletan.
978 635 1283 676 iurisdictionis
1299 636 1512 688 prioratus
1534 635 1586 676 de
1601 635 1826 678 Calatrava

228 710 331 751 Ord.
354 723 428 750 seu
453 708 530 750 sub
560 709 707 761 regula
736 708 1001 759 Cistercien„
1024 707 1242 748 licentiam
1273 706 1578 760 denegantibus
1599 709 1825 761 superiori·

227 781 307 822 bus
343 779 479 821 ordin.
502 780 620 833 regni
655 779 834 833 Hispan.
871 792 946 832 pro
982 778 1232 820 fundatione
1267 792 1418 832 parum
1454 778 1565 830 utili,
1598 780 1826 821 committit

227 852 496 905 archiepo....
522 856 569 893 ut
588 851 633 891 in
653 850 822 904 collegii
837 849 879 892 S.
897 849 933 892 Ι.
953 851 998 890 111
1013 849 1054 891 d.
1073 863 1169 904 opp.
1191 850 1325 891 erecti
1341 850 1572 891 utilitatem
1589 856 1823 904 convertat,

227 923 509 977 Magdalenae
530 924 738 977 promissa
758 922 939 974 relaxet,
963 922 1224 963 voluntatem
1246 921 1362 963 Petri
1381 921 1450 962 Fr.
1476 927 1719 963 commutet.

224 991 270 1025 R.
290 1001 348 1033 ap.
370 990 405 1024 s,
428 990 467 1025 Ρ.
488 990 537 1024 VI
556 989 645 1023 Maii
664 992 748 1024 1610
768 989 808 1023 P.
829 999 889 1023 an.
907 989 951 1022 V.

1391 1114 1479 1157 Rey.
1500 1114 1589 1147 buil.
1608 1113 1672 1148 IV.
1694 1117 1769 1149 141.
1790 1115 1823 1148 b.

310 1243 410 1286 105.
444 1247 496 1283 In
516 1255 738 1296 suprenm
759 1243 891 1283 Sedis
914 1244 1068 1295 Aposi.
1087 1263 1114 1268 -
1130 1237 1252 1280 Paul.
1272 1237 1308 1277 V
1325 1237 1492 1279 officiali
1513 1238 1820 1292 Rothomagen.

227 1312 470 1363 committit,
489 1309 734 1364 petentibus
749 1308 979 1351 Catherina
999 1308 1050 1350 de
1067 1307 1212 1351 Clevia
1228 1308 1398 1350 ducissa
1418 1307 1596 1350 Grusiae
1614 1308 1822 1363 (Guisiae)

231 1383 447 1423 comitissa
483 1381 533 1423 de
563 1382 682 1434 Ango
705 1381 862 1436 (Augo)
885 1385 927 1422 et
957 1378 1020 1421 Cl.
1044 1381 1264 1434 Aquaviva
1285 1380 1355 1422 Pr.
1380 1380 1484 1421 Gen.
1509 1380 1551 1422 S.
1575 1380 1629 1433 Ι.,
1653 1386 1701 1422 ut
1729 1395 1826 1422 cum

227 1453 324 1495 coll.
349 1453 390 1496 S.
414 1452 449 1494 I.
474 1454 518 1493 in
539 1466 635 1506 opp.
661 1452 712 1494 de
734 1453 852 1505 Ango
873 1452 979 1493 alias
1009 1451 1127 1493 Doen
1157 1450 1318 1505 (d'OEu)
1356 1451 1662 1505 Rothomagen.
1688 1452 1823 1495 dioec.

227 1539 252 1566 a
274 1525 315 1566 d.
339 1524 568 1566 Catherina
588 1529 630 1566 et
652 1523 783 1566 Henr.
809 1537 834 1565 a
858 1523 1130 1576 Lotharingia
1151 1523 1326 1565 Brutiae
1356 1523 1480 1577 (alias
1502 1523 1696 1576 Brusiae)
1717 1523 1822 1565 duce

226 1597 318 1638 eius
340 1597 492 1637 marito
516 1605 658 1638 erecto
680 1596 802 1637 uniat
822 1609 911 1649 par.
932 1595 1034 1637 eccl.
1054 1595 1137 1636 loci
1157 1595 1209 1636 (16
1226 1594 1474 1636 Μο116111660
1490 1608 1563 1636 5611
1581 1594 1632 1635 (16
1653 1594 1826 1636 Monchi

228 1667 269 1709 d.
289 1667 443 1719 dioec,
462 1680 572 1721 quae
593 1666 644 1708 (16
664 1667 1008 1719 iurepatronatus
1029 1665 1069 1707 d.
1095 1665 1286 1707 ducissae
1311 1666 1471 1718 existit,
1489 1679 1515 1707 a
1534 1665 1693 1707 Ioanne
1715 1665 1746 1706 F
1749 1679 1825 1707 ave

228 1739 336 1780 alias
370 1738 532 1780 Drouce
567 1743 731 1780 rectore
766 1739 857 1779 eius
892 1739 1149 1791 resignatam
1181 1737 1252 1791 (fr.
1275 1740 1356 1778 400
1379 1737 1493 1790 (1116.)
1515 1742 1559 1778 et
1588 1737 1826 1790 cappellam

228 1810 270 1852 S.
294 1809 516 1851 Eustachii
550 1810 632 1850 loci
667 1809 718 1850 de
755 1809 881 1850 Totin
916 1810 960 1850 in
994 1809 1192 1850 districtu
1227 1809 1454 1862 parochiae
1485 1808 1526 1850 S.
1552 1807 1727 1850 Martini
1747 1822 1823 1862 per

229 1880 370 1923 Caroli
391 1879 527 1923 Caron
549 1880 713 1923 obitum
743 1885 964 1922 vacantem
986 1880 1056 1934 (fr.
1081 1882 1135 1922 24
1166 1880 1299 1935 duc.),
1322 1894 1430 1934 quae
1460 1881 1550 1920 sine
1571 1893 1674 1921 cura
1702 1884 1766 1921 est
1786 1884 1829 1921 et

226 1952 493 2006 personalem
529 1952 802 1993 residentiam
838 1965 917 1993 non
941 1952 1136 2006 requirit.
1159 1951 1209 1992 In
1240 1951 1280 1994 d.
1306 1965 1396 2006 par.
1421 1951 1527 1992 6661.
1551 1952 1711 1992 vicaria
1731 1964 1825 2005 per-

226 2028 357 2078 petua
378 2037 475 2065 cum
497 2037 682 2077 congrua
703 2024 896 2076 portione
914 2025 967 2064 50
989 2022 1043 2064 6(1
1068 2025 1146 2065 100
1167 2023 1262 2065 (1116.
1286 2022 1564 2064 instituenda.

227 2089 269 2124 R.
289 2101 348 2133 ap.
368 2089 405 2124 S.
425 2090 474 2125 M.
497 2100 549 2132 pr.
571 2089 644 2124 kal.
665 2090 733 2124 Iul.
756 2092 840 2124 1610
860 2089 900 2123 P.
920 2100 980 2124 an.
1005 2089 1062 2124 VI.

1389 2216 1481 2258 Rey.
1501 2214 1590 2249 buil.
1609 2214 1676 2248 IV.
1698 2215 1772 2248 150.
1795 2214 1827 2246 b.

314 2340 418 2384 106.
452 2338 504 2380 A.
542 2338 589 2379 P.
628 2337 679 2379 R.
718 2337 776 2379 M.
805 2344 857 2382 Ui
879 2346 926 2382 in
947 2343 1123 2383 canetis
1145 2340 1545 2393 christifidelibus.
1569 2362 1595 2368 -
1624 2337 1747 2379 Paul.
1771 2337 1824 2388 V,

231 2410 473 2464 petentibus
508 2410 653 2452 Priore
689 2415 731 2450 et
767 2409 970 2451 fratribus
1000 2409 1147 2450 domus
1181 2408 1224 2452 S.
1249 2409 1307 2451 M.
1332 2408 1602 2451 Hierusalem
1633 2409 1824 2463 Capuan.

231 2482 331 2524 Ord.
355 2481 577 2523 Servorum
611 2487 653 2523 et
689 2486 853 2523 rectore
888 2485 932 2522 et
966 2480 1258 2534 collegialibus
1288 2480 1386 2522 coll.
1411 2480 1683 2534 Neapolitani
1703 2480 1744 2522 S.
1771 2480 1826 2533 Ι.,

234 2552 456 2595 confirmat
485 2552 753 2594 concordiam
784 2554 894 2594 inter
915 2566 986 2594 eos
1008 2553 1159 2593 initam
1181 2566 1308 2606 super
1330 2552 1502 2594 defensa
1523 2551 1764 2593 Barunculo
1784 2557 1827 2593 et

233 2637 406 2666 nemore
437 2622 615 2677 Cerrito,
640 2626 692 2665 28
714 2623 814 2665 Dec.
842 2625 947 2665 1593
971 2624 1013 2665 d.
1037 2623 1181 2664 domui
1201 2623 1374 2676 donata,
1397 2636 1423 2665 a
1444 2623 1636 2665 Ruberta
1657 2622 1826 2677 Carasa,

234 2697 401 2739 ducissa
434 2694 669 2748 Madaluni,
693 2709 790 2737 cum
822 2697 871 2736 16
907 2695 1000 2737 Ian.
1028 2697 1132 2737 1593
1163 2697 1187 2736 5
1209 2708 1267 2738 m.
1290 2709 1347 2737 56.
1373 2709 1516 2737 annua
1550 2708 1678 2748 super
1711 2694 1831 2736 bonis

236 2764 324 2804 suis
344 2764 385 2806 d.
410 2764 588 2818 collegio
618 2765 832 2808 donasset.
856 2790 882 2796 -
903 2766 1112 2819 Archiepo
1143 2764 1179 2806 N
1185 2765 1415 2818 eapolitan.
1439 2765 1530 2819 Epo
1562 2765 1764 2807 Aversan.
1789 2769 1832 2806 et

235 2848 324 2878 cur.
348 2849 463 2878 caus.
488 2851 600 2880 cam.
622 2851 691 2890 ap.
714 2851 810 2890 gen.
835 2837 1018 2879 auditori
1039 2850 1158 2878 exec.
1187 2837 1431 2881 committit.

233 2901 277 2936 R.
296 2912 355 2944 ap.
375 2902 411 2935 S.
430 2902 481 2939 M.
502 2903 625 2938 XXVI
642 2906 738 2946 Aug.
759 2905 844 2939 1610
864 2903 905 2938 P.
925 2914 983 2938 an.
1006 2904 1071 2939 VI.

1445 3024 1535 3067 Rey.
1556 3023 1648 3058 buil.
1669 3023 1736 3057 IV.
1758 3024 1833 3057 145.
