1989 3252
497 524 999 597 GREGORH
1091 525 1254 597 XV.

86 776 284 820 Gregorius
300 776 380 817 XV,
399 776 598 817 Romanus,
616 777 823 811 Alexander
848 777 1078 817 Ludovisius,
1100 777 1222 811 Presb.
1252 777 1355 812 Card.
1382 777 1437 812 tit.
1467 777 1501 812 S.
1530 777 1668 812 Mariae

168 831 204 864 in
235 831 515 874 Transpontina,
543 832 679 865 electus
704 830 770 869 IX.
796 836 990 865 coronatus
1019 832 1088 866 XV
1118 832 1223 865 Febr.
1255 834 1353 874 1621,
1378 831 1467 865 obiit
1493 832 1575 866 VIII
1598 831 1665 867 Iul.

170 887 267 920 1623.

85 939 314 974 Cardinalem
341 940 601 974 Bellarminum
631 940 787 974 residere
815 951 936 974 secum
962 940 999 974 in
1026 940 1161 983 palatio
1180 946 1398 984 perpetuum
1422 940 1668 975 consiliarium

167 994 276 1029 iussit
298 998 333 1028 et
358 995 503 1028 honoris
527 1005 636 1028 causa
661 995 698 1028 in
724 995 903 1035 Quirinali
928 995 1184 1029 moribundum
1211 996 1346 1029 invisit.
1374 996 1412 1029 Ρ.
1445 995 1669 1038 Stephanum

169 1049 213 1084 de
241 1049 388 1083 Bubalis
413 1049 448 1084 S.
476 1049 782 1084 Poenitentiariae
810 1049 1020 1092 theologum
1050 1050 1160 1090 dedit,
1192 1051 1342 1093 ipseque
1371 1051 1408 1083 in
1435 1050 1516 1084 aliis
1547 1050 1671 1084 multis

168 1103 329 1147 theologi
347 1106 432 1138 ante
449 1104 504 1137 sui
522 1104 562 1138 P.
584 1104 786 1138 Victoriani
804 1104 967 1138 Premoli
985 1115 1095 1147 opera
1115 1105 1168 1138 uti
1188 1105 1360 1147 perrexit.

87 1158 126 1193 P.
144 1159 280 1194 Ioanne
297 1158 341 1192 de
358 1158 473 1201 Lugo,
492 1169 576 1192 voce
594 1164 630 1193 et
646 1159 798 1199 calamo,
818 1159 986 1193 comitem
1005 1161 1048 1193 de
1065 1159 1190 1193 Monte
1207 1159 1284 1202 Rey
1308 1163 1488 1193 oratorem
1509 1158 1669 1201 hispani-

173 1224 255 1247 cum
272 1213 432 1254 iuvante,
451 1212 508 1247 die
525 1216 567 1248 24
584 1213 672 1248 Maii
692 1216 777 1248 1622
795 1213 976 1256 praecepit
1002 1214 1170 1247 omnibus
1199 1229 1213 1241 ω
1243 1225 1286 1248 ne
1309 1214 1354 1248 de
1378 1219 1534 1254 caetero,
1561 1213 1671 1248 etiam

171 1267 208 1302 in
226 1268 454 1302 sermonibus
470 1272 507 1302 et
523 1268 666 1311 scriptis
682 1268 841 1311 privatis,
861 1269 1021 1303 audeant
1037 1280 1198 1303 asserere
1215 1269 1309 1311 quod
1329 1269 1545 1304 Beatissima
1560 1268 1673 1311 Virgo

171 1329 346 1367 concepta
377 1323 487 1358 fuerit
518 1334 599 1357 eum
629 1328 776 1366 peccato
805 1324 976 1367 originali
1007 1340 1022 1353 n
1049 1330 1084 1358 et
1116 1324 1386 1364 ecclesiasticis,
1421 1329 1459 1358 ut
1495 1324 1672 1367 abrogato

171 1378 478 1413 Sanctificationis
496 1379 683 1418 vocabulo,
697 1395 711 1405 ι·
731 1378 767 1412 in
783 1379 1029 1413 sacratissimo
1049 1379 1185 1413 Missae
1203 1379 1381 1413 sacrificio
1399 1390 1440 1412 ac
1457 1379 1578 1414 divino
1596 1378 1670 1412 offi-

171 1433 226 1467 cio
244 1433 483 1475 celebrandis,
501 1444 572 1467 non
589 1433 661 1467 alio
679 1444 786 1475 quam
807 1433 1060 1477 Conceptionis
1079 1434 1223 1468 nomine
1240 1434 1293 1469 uti
1310 1434 1465 1469 debeant
1485 1450 1514 1464 n.

86 1486 127 1523 In
151 1487 257 1522 Brevi
282 1490 324 1522 22
348 1487 437 1520 Maii
463 1489 547 1522 1622
571 1487 617 1520 ad
642 1487 811 1522 Carolum
836 1498 857 1520 a
882 1487 1123 1530 Lotharingia
1148 1488 1359 1530 episcopum
1387 1487 1672 1526 virdunensem,

171 1541 406 1576 candidatum
423 1541 636 1584 Societatis;
657 1556 671 1568 u
692 1541 938 1582 Proficiscere,
957 1542 1020 1581 ait,
1038 1542 1084 1575 ad
1101 1553 1180 1575 eam
1204 1553 1328 1576 sacrae
1355 1542 1505 1576 militiae
1522 1542 1673 1576 societa-

171 1600 257 1636 tem,
277 1596 448 1630 catholici
466 1596 623 1629 nominis
641 1595 852 1630 defensione
869 1596 1110 1630 clarissimam
1128 1611 1143 1624 n
1163 1601 1198 1630 et
1215 1597 1251 1630 in
1277 1596 1392 1631 altero
1407 1596 1452 1629 ad
1476 1596 1673 1630 Henricum

171 1661 193 1685 a
211 1650 450 1693 Lotharingia
467 1650 675 1693 episcopum
695 1661 703 1684 t
724 1665 739 1677 a
758 1650 915 1693 Dignum
932 1661 969 1684 se
988 1650 1227 1694 Lotharingia
1243 1651 1432 1685 nobilitate
1446 1661 1489 1684 ac
1503 1650 1670 1684 fraterni-

172 1705 258 1740 tatis
275 1709 359 1739 tuae
374 1705 603 1740 institutione
619 1705 767 1748 praebet
790 1705 881 1740 Ven.
903 1705 961 1739 Fr.
989 1705 1153 1748 Carolus,
1177 1706 1262 1739 dum
1288 1704 1393 1748 eligit
1416 1706 1580 1739 abiectus
1598 1716 1674 1739 esse

175 1760 211 1794 in
229 1760 335 1794 domo
352 1759 418 1794 Dei
445 1760 558 1802 magis
582 1771 689 1801 quam
716 1760 750 1793 in
776 1761 870 1794 aulis
895 1760 1101 1804 principum
1127 1772 1134 1794 :
1163 1771 1273 1802 quare
1299 1760 1389 1794 nihil
1416 1760 1531 1793 eidem
1559 1760 1678 1794 Fratri

174 1816 425 1859 impedimenti
443 1828 508 1860 per
523 1829 589 1852 nos
605 1817 775 1852 afferetur
799 1819 1032 1860 quominus...
1059 1818 1096 1852 in
1127 1817 1327 1860 Religionis
1354 1822 1494 1859 portum
1523 1826 1559 1849 se
1584 1816 1676 1849 reci-

173 1871 262 1915 piat,
281 1871 492 1914 praesertim
509 1883 620 1914 quum
638 1883 675 1905 se
693 1872 729 1906 in
747 1872 783 1907 S.
799 1872 825 1906 Ι.
841 1873 1035 1916 aggregari
1053 1872 1187 1914 cupiat,
1203 1871 1260 1904 cui
1276 1871 1438 1905 omniurn
1460 1870 1676 1904 Pontificum

177 1926 418 1960 Maximorum
437 1927 677 1970 patrocinium
697 1927 874 1970 sapientia
891 1934 925 1961 et
944 1928 1059 1970 pietas
1079 1926 1323 1961 conciliabunt
1352 1942 1382 1959 n.

178 2260 218 2304 1.
251 2264 435 2303 Ratz'om'
452 2265 676 2315 οοηρνιιῑί.
700 2282 726 2289 -
745 2257 868 2312 Greg.
892 2256 985 2310 XV,
1009 2257 1248 2312 petentibus
1279 2257 1390 2311 apud
1428 2258 1655 2312 praedeces

96 2344 232 2372 sorem
252 2329 430 2371 Paulum
455 2328 488 2370 V
509 2330 704 2382 episcopo
740 2327 973 2380 Eystetten.
998 2334 1040 2370 et
1062 2327 1194 2370 Mutio
1231 2328 1485 2370 Vitellescho
1519 2329 1668 2382 Praep.

97 2400 202 2442 Gen.
228 2400 271 2442 S.
293 2399 329 2442 I.
353 2400 526 2442 mandat
553 2399 761 2453 Episcopo
793 2400 1022 2452 Augustan.
1048 2404 1094 2440 ut
1114 2399 1335 2452 collegium
1373 2399 1414 2441 S.
1441 2399 1673 2441 Willibaldi

98 2473 142 2513 in
163 2472 202 2514 d.
224 2472 394 2513 civitate
413 2476 511 2512 ante
531 2473 584 2511 40
605 2484 736 2511 annos
752 2484 777 2511 a
798 2470 977 2512 Martino
994 2471 1188 2523 episcopo
1209 2470 1469 2522 Eystettensi
1489 2475 1675 2512 erectum

101 2548 144 2584 et
175 2556 305 2596 quum
339 2541 499 2583 fructus
533 2555 615 2582 non
653 2541 879 2593 attulisset,
916 2554 942 2581 a
977 2541 1174 2582 moderno
1214 2542 1410 2595 episcopo
1445 2542 1676 2582 secundum

100 2613 433 2667 praedecessoris
468 2613 743 2654 intentionem
778 2626 804 2653 a
823 2614 847 2652 6
881 2613 1002 2653 annis
1036 2612 1239 2664 religiosis
1274 2612 1315 2654 S.
1338 2611 1374 2654 I.
1398 2612 1600 2654 traditum
1635 2618 1678 2654 et

103 2683 336 2739 quadruplo
371 2683 529 2724 maiore
567 2683 822 2725 scholarium
861 2696 1036 2724 numero
1074 2682 1399 2736 frequentatum,
1440 2682 1675 2736 confirmet,

102 2755 261 2796 vicinas
281 2753 407 2795 aedes
427 2758 469 2795 et
487 2753 692 2806 templum
725 2765 871 2793 recens
891 2751 944 2793 ab
965 2752 1158 2805 episcopo
1179 2752 1466 2806 aedificatum,
1490 2753 1679 2794 redditus

104 2827 210 2866 3000
231 2824 275 2867 fl.
298 2825 428 2866 annui
447 2825 571 2878 (1200
593 2823 686 2864 duc.
711 2824 803 2864 auri
823 2822 874 2864 de
894 2824 1079 2877 camera)
1102 2823 1236 2864 uniat.

106 2890 148 2926 R.
166 2901 224 2934 ap.
244 2889 280 2924 S.
301 2890 342 2924 P.
361 2889 449 2925 XVI
465 2888 539 2923 kal.
558 2888 666 2924 Mart.
683 2891 768 2923 1620
786 2888 826 2922 Ρ.
848 2898 906 2921 an.
925 2887 952 2923 1.

1358 3006 1440 3051 Rey.
1460 3008 1549 3043 baal.
1580 3008 1615 3043 V.
1635 3011 1689 3044 35.

1589 3077 1627 3109 19
