1989 3252
90 239 263 283 Bened.
286 224 412 285 xlv.
762 265 817 272 -
843 243 924 282 469
954 266 1008 272 -
1537 244 1663 288 1747.

173 326 245 369 24.
282 333 352 368 Ea:
369 341 456 382 quo
475 329 663 370 dilectus
681 330 819 381 filius.
846 353 871 358 -
905 327 1008 370 Ben.
1031 327 1126 369 XIV
1152 328 1308 380 Angelo
1345 328 1504 369 Mariae
1539 327 1664 371 Card.

91 395 279 447 Quirino,
302 410 375 449 per
395 396 556 437 litteras
577 398 775 450 privatas,
798 403 841 439 et
876 412 1033 451 coram,
1056 404 1097 440 et
1118 398 1293 452 epistola
1328 399 1497 452 publica
1517 405 1666 453 questo

91 466 203 520 quod
223 467 411 508 Leander
437 466 629 510 Chizzola
649 469 808 510 archid.
834 470 938 511 eccl.
963 470 1150 513 Brixien.
1183 471 1542 523 septuagenarius,
1575 472 1666 524 ipso

91 539 238 590 inscio,
262 538 452 580 habitum
473 539 514 581 S.
539 539 574 581 Ι.
599 541 868 594 suscepisset,
891 541 1115 594 respondet
1135 541 1292 583 factum
1312 541 1583 594 profectionis
1615 555 1668 582 ex

92 613 206 650 metu
229 609 495 651 reverentiali
512 624 733 662 excusam,
751 620 794 652 et
813 611 946 665 legem
968 612 1204 664 generalem
1220 625 1272 653 ex
1293 613 1423 652 sacris
1438 612 1667 653 canonibus

91 679 313 721 ostendens
333 694 417 734 qua
435 681 534 722 licet
566 682 728 723 clericis
763 682 1062 734 saecularibus,
1085 684 1211 725 etiam
1239 682 1549 724 contradicente
1571 687 1665 736 epo,

91 750 334 804 religionem
355 752 531 805 ingredi.

91 816 130 850 R.
151 827 206 860 ap.
229 816 264 850 S.
287 816 333 851 M.
356 817 402 852 M.
425 818 508 854 XIV
523 818 599 853 Ian.
622 821 706 854 1747
728 819 765 853 Ρ.
787 829 845 853 an.
872 820 945 856 VII.

87 927 185 960 Ball.
208 927 311 962 Rom.
332 947 371 951 —
392 928 490 961 Βιιῖἰ.
511 931 553 961 de
565 939 718 972 propay.
739 929 812 972 fide
828 929 896 963 ΙΙΙ.
916 931 992 963 729.
1011 946 1053 953 ——
1070 928 1163 962 Nov.
1183 929 1271 962 bule.
1290 929 1325 963 S.
1344 928 1376 963 I.
1398 932 1472 964 269.

170 1048 239 1091 25.
274 1045 421 1100 Congr.
445 1061 528 1089 sac.
552 1049 619 1089 rit.
644 1053 685 1089 et
705 1048 791 1090 ind.
815 1073 840 1078 —
862 1048 1057 1089 Patribus
1087 1047 1128 1090 S.
1152 1046 1186 1089 I.
1214 1047 1558 1090 Olomucensibus
1593 1063 1665 1102 pro

90 1130 239 1159 comm.
262 1132 354 1171 gen.
379 1132 405 1159 a
434 1118 632 1160 studiosis
662 1120 947 1161 universitatis
975 1119 1110 1160 tribus
1139 1120 1237 1160 anni
1272 1118 1418 1160 diebus
1453 1119 1666 1161 celebrata

90 1188 177 1231 ind.
200 1189 311 1242 plen.
335 1192 572 1243 petentibus
593 1204 700 1244 resp.
730 1207 737 1232 :
762 1190 841 1232 Pro
862 1191 1010 1243 gratia.

91 1256 129 1288 16
145 1254 221 1289 Ian.
243 1257 337 1289 1747.

1527 1366 1674 1403 Bullae.

172 1473 244 1516 26.
277 1470 412 1525 Congr
449 1485 532 1514 sac.
557 1473 625 1514 rit.
652 1478 694 1514 et
714 1473 798 1515 ind.
823 1499 848 1504 -
868 1474 1211 1516 Confraternitati
1245 1476 1448 1517 Dominae
1479 1475 1530 1517 de
1560 1475 1668 1517 bona

90 1555 177 1595 spe,
200 1544 244 1583 in
263 1543 493 1596 parochiali
513 1543 615 1586 eccl.
640 1544 720 1586 ΡΡ.
755 1545 796 1587 S.
829 1545 865 1587 I.
903 1545 1022 1599 burgi
1053 1544 1274 1587 Ciminien.
1294 1544 1538 1598 (Cibinien‘2
1560 1546 1667 1589 Her-

90 1613 317 1667 manstadt)
337 1614 467 1657 dioec.
492 1614 742 1668 Strigonien.
768 1617 880 1670 plen.
904 1616 990 1658 ind.
1014 1618 1177 1670 petenti
1211 1631 1285 1671 pro
1316 1617 1383 1658 die
1412 1631 1496 1671 qua
1515 1617 1667 1659 fratres

90 1690 133 1726 et
165 1698 327 1726 sorores
346 1686 526 1728 confessi
559 1690 600 1729 et
631 1701 780 1730 comm.
806 1689 1036 1730 orationem
1071 1701 1190 1730 suam
1226 1688 1402 1730 faciunt.
1426 1702 1535 1743 resp.
1558 1704 1565 1730 :
1590 1689 1670 1731 Pro

90 1757 238 1808 gratia.

89 1823 131 1856 20
147 1822 253 1856 Mart.
278 1826 371 1858 1747.

1524 1937 1671 1973 Bullae.

173 2044 244 2087 27.
280 2047 822 2099 Coneept‹1denostm·s.—
843 2043 945 2085 Ben.
968 2043 1066 2085 XIV
1099 2043 1363 2086 Emmanueli
1397 2043 1447 2084 de
1478 2043 1667 2085 Azevedo

91 2111 133 2154 S.
169 2112 205 2154 Ι.
241 2113 322 2154 sibi
356 2115 574 2156 notissimo
608 2116 676 2156 cui
710 2129 736 2156 a
772 2116 984 2157 canonicis
1020 2114 1280 2167 regularibus
1315 2114 1362 2156 O.
1403 2114 1446 2157 S.
1485 2116 1590 2167 Aug.
1624 2115 1666 2155 in

91 2183 309 2226 Lusitania
328 2185 564 2228 reformatis
583 2188 806 2228 commissa
840 2187 920 2228 fuit
940 2200 1041 2228 cura
1062 2186 1258 2228 editionis
1288 2187 1474 2227 omnium
1495 2199 1668 2239 operum

91 2255 307 2298 Pontificis
334 2258 378 2298 in
398 2257 616 2299 duodecim
651 2259 789 2310 tomis,
810 2258 1061 2310 gratulatur,
1084 2259 1201 2299 varia
1236 2256 1499 2298 commendat
1532 2261 1669 2310 optat-

90 2340 171 2382 que
188 2332 234 2369 ut
253 2342 337 2370 una
357 2343 453 2370 cum
473 2329 596 2372 Petro
634 2330 798 2371 Lazzeri
819 2329 860 2371 S.
884 2329 919 2371 I.
944 2330 987 2370 in
1010 2328 1195 2370 Romano
1217 2329 1390 2381 collegio
1420 2327 1669 2370 ecclesiasti-

87 2411 162 2440 cae
197 2400 397 2442 historiae
432 2400 665 2454 professore
699 2400 877 2454 aliisque
911 2413 1052 2441 secum
1083 2399 1425 2441 adlaborantibus
1458 2400 1670 2452 negotium

89 2469 142 2511 ad
162 2474 352 2523 optatum
373 2472 534 2512 exitum
556 2471 747 2513 adducat.

82 2535 123 2571 In
140 2545 223 2570 arce
241 2535 448 2579 candulphi
468 2536 597 2571 Alban.
618 2537 732 2570 dioec.
753 2536 821 2570 XV
840 2537 920 2572 Iun.
942 2538 1024 2571 1747
1044 2536 1082 2571 P.
1103 2546 1161 2570 an.
1184 2536 1258 2571 VII.

86 2643 222 2678 Bened.
244 2643 477 2686 XlVopera.
499 2645 528 2679 Ι.
551 2645 687 2680 Romae
706 2647 802 2681 1747.
819 2657 857 2687 p.
877 2644 983 2679 XIX.

171 2771 243 2815 28.
276 2770 325 2812 A.
350 2768 397 2811 P.
422 2769 470 2811 R.
496 2769 553 2810 M.
578 2775 631 2813 ln
650 2772 1021 2826 supereminenti.
1046 2792 1071 2798 -
1092 2767 1195 2810 Ben.
1219 2766 1335 2820 XIV,
1358 2772 1526 2821 petente
1555 2767 1667 2809 Iose-

85 2840 169 2894 pho
203 2840 254 2882 de
287 2840 396 2882 Lara
416 2840 457 2882 S.
481 2840 515 2882 Ι.
539 2853 655 2893 prov.
688 2839 808 2892 Hisp.
846 2844 888 2880 et
922 2837 1138 2881 Indiarum
1173 2842 1456 2892 procuratore,
1492 2837 1667 2890 collegio

93 2911 134 2953 S.
159 2911 195 2954 Ι.
218 2913 262 2953 in
281 2914 360 2954 civ,
384 2911 423 2954 S.
449 2911 656 2953 Dominici
678 2911 841 2952 insulae
877 2910 1148 2965 Hispaniolae
1169 2923 1193 2951 a
1213 2909 1407 2963 Philippo
1435 2922 1531 2962 rege
1561 2922 1669 2949 anno

95 2983 195 3025 1701
221 2984 324 3036 erigi
350 2995 561 3034 conceSSO‚
583 2982 818 3034 confirmat,
841 2985 934 3035 post
962 2981 1079 3022 litem
1100 2994 1194 3022 cum
1217 2984 1423 3022 conventu
1445 2980 1492 3021 Ο.
1518 2979 1666 3021 Praed.

91 3069 218 3109 super
237 3055 438 3096 facultate
466 3053 704 3096 conferendi
733 3053 901 3106 gradus,
925 3054 1159 3094 interventu
1187 3051 1373 3093 Thomae
1394 3051 1533 3105 Ripoll
1553 3051 1664 3103 Mag.
