1989 3252
276 170 439 214 Innoc.
464 170 524 213 X.
951 191 1004 198 —
1034 168 1116 208 354
1143 190 1199 197 —
1737 167 1866 209 1646.

274 257 488 296 uariorum
523 255 638 307 regni
677 253 901 305 Synarum,
925 254 1108 294 instante
1148 253 1196 294 P.
1234 251 1393 293 Ioanne
1429 251 1554 304 Bapt.
1592 251 1643 292 de
1683 250 1868 292 Morales

278 326 378 368 Ord.
402 325 554 367 Praed.

278 396 317 428 12
338 393 436 435 Sept.
458 394 555 427 1645.

1611 496 1763 532 Elench.
1783 498 1874 533 bule.

366 626 407 668 7.
441 629 599 679 Nuper
612 636 702 678 pro
721 627 871 678 parce.
904 645 930 651 -
964 620 1203 661 Innocentii
1239 620 1275 661 X
1308 619 1432 660 breve
1468 618 1675 659 directum
1704 616 1873 659 Vicario

281 694 388 736 Gen.
411 693 454 735 S.
492 692 528 734 Ι.
567 693 678 745 (Car.
719 691 910 744 Sangrio)
947 704 1028 745 quo
1064 691 1312 732 facultatem
1347 689 1539 731 concedit
1572 689 1619 730 P.
1657 688 1872 742 Alphonso

282 765 489 819 Cignardo
511 764 617 819 prof.
642 764 683 806 S.
708 763 743 805 I.
768 763 1016 804 transeundi
1046 762 1100 803 ad
1129 762 1228 804 Ord.
1253 762 1304 803 fr.
1329 775 1543 803 servorum
1566 762 1613 803 B.
1639 760 1696 802 M.
1722 760 1774 803 V.
1798 774 1872 802 seu

283 838 338 880 ad
370 838 499 879 aliam
540 836 785 889 religionem
822 835 1089 876 claustralem
1131 836 1252 875 iuxta
1291 834 1537 875 facultatem
1576 846 1704 886 quam
1745 832 1875 873 habet

284 909 435 962 Praep.
459 907 563 949 Gen.
589 908 647 948 sic
668 905 926 958 indulgendi.

284 978 325 1010 30
343 976 444 1018 Sept.
470 977 564 1010 1645.

1616 1072 1768 1114 Elench.
1787 1079 1875 1114 bun.

369 1217 412 1259 8.
444 1212 688 1254 Facultates
723 1223 949 1253 concessae
985 1224 1011 1251 a
1031 1208 1072 1252 S.
1098 1209 1148 1252 D.
1174 1208 1226 1250 N.
1253 1208 1500 1250 Innocentio
1522 1206 1560 1247 X
1582 1206 1628 1248 P.
1655 1206 1872 1247 Dominico

287 1285 339 1327 de
362 1286 589 1337 Mauritiis,
612 1285 767 1326 rectori
790 1283 886 1325 coll.
913 1284 955 1325 S.
981 1282 1016 1324 I.
1040 1283 1085 1323 111
1105 1282 1186 1323 civ.
1213 1281 1323 1323 Chii.
1346 1305 1372 1310 —
1392 1280 1442 1321 In
1472 1292 1612 1332 congr.
1637 1292 1733 1332 gen.
1757 1277 1797 1319 S.
1822 1277 1874 1319 R.

288 1366 331 1400 et
358 1357 413 1400 U.
437 1357 531 1411 Inq.
555 1356 703 1398 habita
731 1356 774 1396 in
810 1355 894 1409 pal.
918 1368 987 1408 ap.
1012 1353 1168 1395 Montis
1204 1352 1365 1402 Quirin.
1403 1351 1444 1394 S.
1470 1351 1521 1392 D.
1543 1350 1634 1393 N...
1672 1349 1880 1391 concessit

288 1429 459 1484 suprad.
483 1429 565 1470 fac.
598 1427 652 1469 ad
673 1428 955 1482 septennium.
980 1450 1005 1456 -
1026 1425 1082 1466 H.
1105 1423 1230 1466 Card.
1254 1423 1504 1465 Barberino.
1533 1421 1593 1464 Io.
1633 1422 1730 1462 Ant.
1767 1420 1878 1461 Tho-

292 1502 449 1543 masius
472 1500 570 1542 Not.

287 1569 328 1603 F.
349 1569 377 1602 V
396 1569 430 1601 d.
451 1568 539 1603 XIX
558 1567 637 1601 Oet.
659 1569 754 1602 1645.

1487 1672 1572 1714 Rey.
1594 1670 1681 1704 buzi.
1712 1671 1765 1704 VI.
1787 1673 1829 1704 88
1847 1670 1880 1703 b.

371 1808 414 1851 9.
448 1807 499 1847 A.
522 1805 570 1847 P.
594 1805 645 1846 R.
670 1802 729 1845 M.
755 1811 984 1859 Prospero
1002 1803 1219 1858 felicique
1237 1803 1392 1844 statua:
1430 1823 1456 1828 -
1490 1797 1634 1839 Innoo.
1660 1796 1714 1849 X,
1738 1796 1884 1838 audita

289 1878 332 1920 S.
352 1877 386 1919 Ι.
410 1891 551 1931 gener.
576 1889 768 1929 congreg.
793 1874 1021 1926 sententia,
1046 1872 1238 1914 decernit
1258 1870 1422 1923 singulo
1439 1870 1646 1910 novennio
1663 1868 1881 1910 celebran-

290 1949 388 1991 dam
427 1962 517 1990 esse
556 1961 750 2001 congreg.
791 1959 931 2000 gener.
975 1951 1015 1986 et
1052 1943 1275 1986 mutandos
1316 1942 1575 1983 Assistentes
1609 1956 1618 1993 ;
1661 1944 1880 1994 praeterea

290 2021 528 2074 superiores
563 2023 657 2073 post
676 2018 907 2059 triennium
943 2016 1095 2058 debere
1131 2028 1156 2055 a
1193 2012 1437 2055 muneribus
1474 2025 1654 2063 cessare,
1689 2010 1877 2063 exceptis

292 2106 405 2146 mag.
430 2105 527 2134 nov.

292 2160 334 2194 R.
354 2170 412 2202 ap.
435 2158 472 2193 S.
494 2157 664 2193 P.11an.
686 2160 770 2192 1646
789 2156 830 2190 Ρ.
850 2167 910 2190 an.
928 2155 973 2191 Π.

292 2287 397 2321 Buzz.
422 2286 526 2321 Rom.
546 2304 588 2309 -
605 2285 702 2318 Nov.
719 2283 807 2317 hall.
827 2283 860 2316 S.
882 2282 911 2316 Ι.
935 2284 1009 2317 177.
1508 2277 1596 2320 Req.
1617 2277 1703 2310 buli.
1729 2274 1806 2310 VII.
1828 2279 1883 2311 44.

375 2416 443 2458 10.
482 2421 540 2457 De
567 2414 763 2469 provida
783 2411 875 2453 sed.
901 2411 1057 2463 Apost.
1081 2429 1107 2434 -
1136 2403 1284 2445 Innoc.
1317 2402 1355 2442 X
1386 2416 1460 2443 suo
1491 2402 1534 2442 in
1565 2400 1680 2442 Urbe
1709 2401 1884 2453 eiusque

295 2483 485 2526 districtu
528 2483 616 2525 Vic.
653 2496 767 2536 gen.‚
803 2478 1044 2534 petentibus
1095 2475 1399 2517 communitate
1449 2477 1492 2514 et
1530 2472 1771 2514 hominibus
1806 2471 1883 2512 civ.

295 2555 485 2609 Castalii,
508 2554 681 2596 mandat
701 2560 763 2606 ut,
786 2550 1009 2593 attendens
1031 2548 1083 2590 ad
1104 2552 1272 2589 testam.
1296 2545 1466 2587 Ioannis
1497 2544 1597 2586 Ant.
1621 2543 1653 2584 F
1656 2542 1808 2584 uccioli
1838 2541 1889 2583 de

295 2629 377 2670 ciV.
399 2627 589 2680 Castelli‚
612 2627 656 2667 in
677 2629 757 2666 utr.
781 2624 888 2676 sign.
912 2619 1206 2670 referendarii,
1225 2631 1299 2672 pro
1321 2617 1446 2657 unius
1467 2616 1564 2658 coll.
1589 2614 1748 2656 Romae
1773 2626 1888 2655 erec-

297 2701 411 2742 tione
433 2698 510 2740 sub
531 2699 666 2739 invoc.
691 2695 761 2738 SS.
784 2694 956 2736 Ioannis
976 2697 1020 2735 et
1039 2690 1179 2733 Caroli
1201 2691 1245 2730 in
1261 2689 1440 2742 gratiam
1458 2689 1508 2729 18
1526 2688 1611 2729 iuv.
1633 2698 1884 2740 pauperum,

296 2784 520 2814 numerum
539 2769 796 2811 scholarium
816 2771 859 2808 et
879 2776 1156 2820 personarum
1190 2760 1521 2802 deservientium
1560 2758 1613 2800 ad
1651 2759 1701 2800 12
1736 2756 1888 2808 schol.‚

295 2846 320 2885 3
341 2842 521 2885 famulos
543 2846 585 2884 et
605 2845 811 2883 rectorem
832 2837 1028 2880 reducat.

296 2910 341 2946 R.
359 2921 418 2953 ap.
439 2910 475 2945 S.
496 2908 538 2942 P.
560 2908 642 2944 VIII
660 2907 707 2942 id.
729 2905 837 2941 Febr.
858 2906 942 2940 1645
960 2903 1003 2939 P.
1023 2913 1082 2938 an.
1106 2901 1149 2937 ΙΙ.

1518 3006 1603 3050 Rey.
1623 3005 1713 3040 buu.
1742 3004 1802 3040 VI.
1819 3004 1897 3039 235.
