1989 3252
94 189 237 235 Clem.
257 188 395 235 XIII.
759 215 810 220 —
838 193 919 232 483
948 216 1003 222 —
1541 199 1670 244 1759.

176 277 217 320 6.
258 281 413 319 Ver-67¹2·
431 269 706 320 nullatenue.
725 300 751 306 —
766 275 898 320 Clem.
921 277 1026 319 XIII
1048 279 1195 321 Ioanni
1215 280 1248 321 F
1249 280 1328 323 rid.
1353 282 1665 337 archiepiscopo

95 344 342 398 Moguntino
356 345 577 399 pollicetur
591 359 636 388 se
651 360 735 388 non
749 350 1144 400 praetermissurum
1159 352 1269 393 tueri
1285 351 1327 394 S.
1339 351 1664 407 I.presbyteros‚

94 416 175 457 sibi
193 429 268 470 per
287 416 451 458 litteras
471 417 561 459 eius
580 418 909 472 commendatos,
929 421 972 462 in
993 424 1205 463 aerumnis
1221 423 1543 478 angoribusque,
1561 427 1669 467 siout

95 498 245 528 aurum
266 487 530 528 examinatur
549 487 660 540 igne,
684 488 892 531 charitate
915 490 1127 543 probatos.

94 550 139 586 R.
159 562 217 594 ap.
237 551 274 587 S.
296 551 344 586 M.
362 553 413 587 M.
433 553 484 588 XI
501 552 574 586 kal.
594 555 688 596 Aug.
712 556 795 590 1759
813 555 853 589 P.
873 567 934 591 an.
952 556 998 591 Π.

94 644 147 678 De
163 645 373 688 Raviynan,
392 656 449 689 op.
469 648 527 679 cit.
543 657 580 687 p.
603 648 676 681 100.

178 755 218 797 7.
253 748 457 796 Postulat
477 757 727 809 apostolici.
747 778 772 783 -
789 755 921 797 Clem.
942 755 1047 797 XIII
1062 756 1210 799 Ioanni
1225 758 1336 801 Phil.
1357 760 1668 815 archiepiscopo

96 823 310 866 Treviren.
332 824 597 878 presbyteros
630 825 673 867 S.
695 825 730 867 I.
754 825 944 868 laudanti
980 828 1200 881 pollicetur
1234 831 1415 873 tutelam
1451 836 1493 873 et
1516 834 1672 886 praesi-

97 894 211 937 dium
236 911 244 937 :
267 896 311 936 in
331 895 516 937 adversis
531 900 672 938 tamen
694 910 796 950 opus
818 911 907 938 esse
924 899 1085 940 animas
1104 913 1200 941 suas
1218 901 1261 941 in
1283 903 1502 955 patientia,
1521 904 1673 956 imper-

95 965 396 1019 scrutabilibus
416 966 498 1008 div.
522 967 756 1020 sapientiae
786 969 970 1010 consiliis
1000 970 1187 1011 animum
1207 971 1518 1026 submittentes,
1540 975 1670 1026 possi-

96 1037 208 1078 dere.

95 1102 139 1137 R.
159 1114 217 1146 ap.
239 1102 274 1137 S.
294 1102 344 1137 M.
362 1104 411 1138 M.
431 1103 480 1137 XI
498 1103 573 1138 kal.
594 1105 685 1146 Aug.
707 1107 790 1140 1759
810 1105 848 1139 Ρ.
869 1117 926 1139 an.
949 1107 990 1141 II.

93 1196 145 1229 De
161 1196 370 1239 Ravz'qnan,
388 1208 443 1240 op.
463 1200 524 1230 cit.
539 1208 578 1240 p.
604 1201 673 1232 136.

177 1309 219 1351 8.
253 1310 471 1352 Reddicae
489 1311 617 1352 nobis
636 1310 840 1363 ficerunt.
866 1333 890 1338 -
919 1309 1051 1350 Clem.
1076 1309 1179 1350 XIII
1210 1310 1431 1354 Fraucisco
1463 1313 1588 1358 Card.
1620 1313 1670 1356 de

97 1377 220 1429 Solis,
242 1377 554 1431 archiepiscopo
575 1378 796 1431 Hispalen.
820 1381 1012 1420 meritam
1035 1380 1201 1421 laudem
1222 1381 1374 1422 tribuit
1395 1382 1508 1436 quod
1529 1397 1673 1437 opera-

27 1498 29 1500 Υ
96 1448 180 1489 rios
195 1447 529 1502 frequentissimo
545 1463 620 1490 suo
634 1451 747 1502 gregi
764 1450 921 1490 tribuat
936 1449 1111 1491 dilectos
1129 1450 1237 1492 filios
1254 1450 1295 1493 S.
1312 1451 1346 1492 Ι.
1359 1452 1672 1507 uberrimosque

97 1519 256 1560 fructus
276 1520 485 1560 missionis
505 1520 558 1561 ab
580 1521 631 1561 iis
651 1526 845 1573 peractae
867 1521 1058 1561 retulerit
1080 1537 1088 1572 ;
1112 1536 1188 1561 nec
1210 1522 1392 1563 defuisse
1415 1538 1489 1564 nec
1511 1524 1674 1565 defutu-

97 1603 189 1631 rum
210 1604 255 1632 se
274 1596 488 1644 praestare
516 1592 626 1645 quod
647 1592 699 1634 ad
720 1606 862 1633 eorum
895 1593 1081 1634 Instituti
1105 1595 1333 1636 utilitatem
1355 1596 1543 1637 conferre
1564 1598 1673 1638 exis-

98 1661 278 1704 timabit.

100 1727 142 1762 R.
163 1727 250 1763 XIX
267 1729 361 1771 Aug.
385 1730 466 1763 1759
484 1728 524 1762 P.
546 1739 603 1762 an.
624 1729 666 1764 11.

98 1821 150 1853 De
167 1821 376 1863 Raviqmzn.
394 1833 451 1865 ορ.
470 1824 528 1856 cie.
543 1834 583 1865 p.
607 1824 680 1856 1353.

179 1922 221 1964 9.
257 1927 512 1976 Praecipua
536 1925 766 1975 Pontifici?
785 1925 954 1965 comes.
978 1947 1003 1951 -
1023 1921 1154 1964 Clem.
1179 1922 1283 1963 XIII
1314 1923 1375 1966 Io.
1404 1925 1523 1977 Bapt.
1548 1924 1673 1967 Card.

97 1989 297 2031 Rothario
327 1992 492 2043 paterni
512 1993 577 2032 sui
611 1993 740 2032 animi
761 2006 951 2033 recessus
986 1995 1138 2046 aperit,
1163 1993 1212 2034 de
1248 1995 1471 2047 angoribus
1506 2000 1676 2049 propter

97 2063 296 2114 temporis
316 2062 613 2115 conditionem,
636 2076 771 2116 neque
801 2062 1039 2104 defuturum
1063 2078 1106 2105 se
1124 2064 1344 2118 profitetur
1363 2071 1454 2106 tum
1489 2079 1674 2107 commu-

98 2132 220 2173 nibus
240 2133 368 2174 totius
390 2132 603 2174 Ecclesiae
623 2134 959 2186 necessitatibus,
983 2139 1071 2175 tum
1094 2136 1374 2187 peculiaribus
1395 2136 1467 2177 dil.
1491 2135 1673 2178 filiorum

100 2201 364 2244 alumnorum
386 2203 425 2245 S.
451 2203 485 2244 I.
509 2205 726 2257 angustiis.

100 2267 142 2303 R.
161 2278 217 2311 ap.
239 2267 275 2302 S.
298 2268 348 2301 M.
370 2268 418 2303 M.
438 2268 556 2304 XXIV
576 2270 671 2313 Aug.
691 2271 775 2304 1759
794 2269 974 2304 P.an.11.

99 2360 188 2395 Ball
194 2389 200 2395 .
221 2362 323 2396 Rom.

184 2461 258 2505 10.
281 2458 406 2513 Cong.
429 2473 512 2502 sac.
535 2461 605 2502 rit.
630 2466 671 2501 et
700 2461 785 2503 ind.
808 2486 833 2491 -
857 2461 900 2502 P.
926 2461 1098 2502 Nicolao
1129 2461 1171 2502 di
1193 2462 1332 2515 Bagno
1369 2462 1410 2504 S.
1444 2462 1480 2504 I.
1518 2466 1676 2503 rectore

100 2529 194 2572 coll.
219 2529 406 2572 Tolemei
425 2532 469 2572 in
488 2533 568 2573 civ,
591 2531 809 2573 Siennensi
840 2537 1006 2585 petente
1029 2557 1054 2562 —
1075 2532 1147 2574 SS.
1171 2532 1221 2573 D.
1246 2532 1298 2574 N.
1323 2532 1518 2574 omnibus
1546 2533 1678 2574 alum-

101 2602 168 2643 nis
196 2603 428 2656 ceterisque
457 2603 501 2643 in
530 2602 569 2644 d.
594 2603 688 2644 coll.
712 2603 957 2656 degentibus
979 2604 1050 2657 qui
1081 2603 1229 2645 saltem
1252 2605 1431 2645 contrito
1455 2603 1578 2645 corde
1606 2603 1674 2645 SS.

102 2671 236 2714 Euch.
248 2686 354 2714 sacr.
368 2673 556 2727 quotidie
571 2674 615 2714 in
631 2673 822 2727 cappella
838 2673 1068 2715 domestica
1084 2675 1359 2725 visitaverint,
1373 2674 1459 2716 ind.
1477 2676 1554 2715 100
1572 2674 1674 2715 dier.

103 2742 232 2786 semel
266 2744 310 2784 in
344 2743 411 2784 die
444 2743 691 2785 lucrandam
726 2744 902 2797 benigne
936 2745 979 2785 in
1000 2757 1116 2798 perp.
1141 2745 1359 2786 concessit.
1384 2745 1600 2786 Praesenti
1635 2745 1679 2784 in

103 2826 223 2867 perp.
245 2814 476 2857 valituro...
500 2814 656 2870 absque
690 2814 779 2856 ulla
810 2814 948 2856 brevis
980 2814 1263 2868 expeditione.
1286 2816 1336 2857 A.
1360 2814 1410 2857 E.
1434 2814 1677 2857 Vicecomes

107 2897 213 2926 SOCI'.

106 2951 126 2984 5
142 2949 239 2993 Sept.
260 2953 356 2987 1759.
1537 2994 1672 3028 Bullae

1583 3062 1624 3094 31
