1989 3252
116 193 444 240 U1·ban.VHI.
789 218 839 225 —
869 196 948 235 313
977 219 1032 225 -
1566 197 1696 241 1625.

117 279 280 322 Corona
300 294 423 322 nunc.
447 280 496 322 Ο.
528 280 569 322 S.
593 282 699 335 Aug.
725 295 818 323 can.
843 295 927 334 reg.
953 282 1236 335 Engolismen.
1261 282 1396 325 dioec.
1421 295 1495 335 per
1532 282 1696 323 obitum

117 351 291 393 Henrici
311 365 374 404 pr.
399 352 512 393 card.
538 352 588 394 de
613 352 714 394 Retz
743 366 895 394 vacans
918 353 985 405 (fr.
1014 355 1087 394 141
1113 353 1172 403 fl.)
1194 355 1443 407 supprimat,
1466 353 1628 394 fructus
1649 354 1693 394 in

115 422 261 463 domus
281 422 491 475 professae
511 422 551 463 d.
575 421 615 464 S.
639 429 681 464 et
700 423 815 464 illius
835 424 1037 465 ecclesiae
1067 425 1418 466 constructionem
1441 424 1573 465 donec
1601 438 1697 478 per-

114 493 250 534 fectae
272 493 428 534 fuerint
447 493 629 547 applicet
649 498 690 535 et
712 494 808 535 dein
829 495 874 535 in
894 494 934 535 d.
960 494 1123 547 collegii
1143 509 1245 536 usus
1267 499 1496 536 convertat.

113 559 156 593 R.
175 569 232 601 ap.
253 558 276 592 S
310 559 518 594 P.111n0n.
540 561 627 602 Apr.
648 563 731 595 1625
750 560 790 594 Ρ.
811 561 918 595 anss.

898 654 985 697 Rey.
1007 653 1100 688 bule.
1125 653 1160 686 V.
1183 655 1258 688 316.
1279 654 1312 687 b.
1332 655 1454 687 Fund.
1473 665 1532 695 pr.
1554 655 1691 688 Franc.

195 764 262 808 31.
297 769 370 806 Em
400 777 589 807 munere
619 766 764 807 nobis.
789 787 814 793 -
844 762 1001 803 Urban.
1036 761 1155 814 VIII,
1188 762 1328 803 citatis
1357 762 1438 804 litt.
1476 763 1598 805 Pauli
1631 763 1689 817 II,

114 839 220 876 Cum
242 840 288 875 z'n
310 837 519 877 omnibus
540 835 741 884 iudiciis,
768 835 888 885 1465,
911 847 949 874 v.
975 833 1031 874 id.
1059 831 1173 884 Maii,
1198 833 1369 874 mandat
1398 832 1555 874 decano
1586 835 1686 876 eccl.

111 902 308 944 Leodien.
329 906 372 944 et
391 903 556 944 officiali
577 902 775 945 Leodien.
796 908 841 944 ut
856 904 1076 944 confirmet
1092 903 1357 944 concordiam
1375 918 1500 957 super
1516 904 1690 946 decimis

111 973 314 1015 bonorum
347 987 373 1015 a
407 973 527 1027 Greg.
561 973 637 1014 XV
659 975 728 1028 (cf.
754 974 874 1015 Pauli
910 974 962 1027 V,
986 989 1027 1016 n.
1053 977 1149 1025 234)
1179 975 1274 1016 coll.
1313 974 1354 1016 S.
1393 975 1426 1016 I.
1452 974 1687 1018 Traiecten.

108 1045 321 1086 unitorum
343 1045 451 1086 inter
471 1045 530 1086 Io.
555 1044 715 1086 Bibaus
736 1051 777 1086 et
798 1053 898 1087 rect.
924 1045 963 1087 d.
989 1046 1086 1087 coll.
1111 1047 1276 1098 initam,
1300 1050 1345 1086 ut
1365 1050 1500 1087 rector
1521 1051 1690 1099 praeter

108 1117 160 1157 25
181 1129 236 1157 m.
261 1115 303 1157 fl.
328 1115 472 1156 abbati
507 1116 648 1157 soluta
669 1116 774 1157 alios
812 1119 860 1157 10
882 1117 997 1157 mille
1018 1116 1072 1158 ad
1107 1117 1310 1158 rationem
1345 1119 1398 1158 20
1433 1117 1686 1158 stuferoruin

108 1201 182 1241 pro
203 1187 388 1242 quolibet
423 1188 597 1239 floreno,
620 1202 693 1229 seu
716 1190 822 1229 2500
858 1188 954 1230 duc.
977 1189 1070 1229 auri
1105 1188 1156 1229 de
1191 1202 1299 1229 cam.
1338 1193 1434 1229 ante
1471 1188 1685 1229 biennium

107 1259 252 1300 solvat.

107 1324 147 1359 R.
167 1335 225 1366 ap.
247 1324 282 1358 S.
302 1325 343 1358 P.
362 1324 411 1360 IV
430 1324 478 1358 id.
500 1324 588 1359 Maii
608 1328 690 1360 1625
710 1325 748 1359 P.
769 1337 826 1359 an.
846 1326 889 1361 11.

1326 1419 1414 1461 Rey.
1433 1418 1521 1452 hall.
1552 1419 1590 1452 V.
1612 1421 1684 1453 184.

185 1530 256 1573 3⁶2.
291 1534 366 1571 Ea*
393 1530 539 1572 debito
562 1530 830 1584 pastorales.
859 1551 884 1556 -
915 1526 1074 1567 Urban.
1109 1526 1227 1578 VIII,
1250 1527 1490 1580 petentibus
1524 1526 1683 1580 Vespa-

105 1600 221 1641 siano
242 1599 294 1640 de
315 1599 484 1652 Angelis
505 1599 698 1652 praeside
719 1598 866 1651 Cougr.
886 1597 1006 1639 Rom.
1030 1598 1127 1639 Ord.
1149 1598 1392 1639 Cistercien.
1413 1603 1455 1639 et
1471 1598 1682 1651 Stephano

104 1670 324 1712 Monochio
345 1675 445 1712 rect.
465 1671 559 1712 coll.
585 1670 625 1712 S.
646 1670 681 1711 l.
705 1670 756 1711 de
771 1669 901 1721 Urbe,
920 1669 1094 1710 mandat
1114 1670 1194 1710 vic.
1218 1683 1311 1722 gen.
1331 1670 1518 1722 episcopi
1538 1669 1682 1711 Came-

101 1743 233 1783 rinen.
258 1746 305 1782 ut
324 1741 543 1783 confirmet
575 1742 900 1783 transactionem
924 1742 1070 1782 initam
1105 1754 1231 1794 super
1256 1741 1510 1782 monasterio
1534 1740 1681 1782 Clarae

102 1812 238 1854 Vallis
259 1812 309 1854 de
329 1812 493 1854 Fiastro
514 1827 640 1854 nunc.
666 1812 705 1854 d.
730 1812 829 1853 Ord.
853 1811 1117 1853 Camerinen.
1140 1825 1213 1853 seu
1235 1811 1390 1852 nullius
1412 1811 1545 1853 dioec.
1571 1811 1682 1865 quod

100 1883 329 1925 Alexandri
362 1885 428 1925 tit.
453 1883 494 1925 S.
519 1883 576 1925 M.
600 1885 643 1924 in
673 1885 741 1924 via
775 1898 836 1937 pr.
862 1883 986 1925 Card.
1024 1883 1178 1924 Sfortia
1212 1897 1338 1923 nunc.
1377 1882 1493 1923 obitu
1527 1896 1681 1923 vacans

99 1954 320 2007 Gregorius
340 1953 445 1995 XIII
466 1969 561 1996 cum
582 1954 754 2007 collegio
776 1954 816 1995 S.
836 1953 870 1995 Ι.
891 1954 941 1994 de
964 1952 1079 1995 Urbe
1095 1954 1218 2005 uniit,
1237 1967 1310 1994 seu
1332 1967 1457 2006 super
1477 1953 1549 1994 lite
1570 1967 1678 1994 anno

102 2028 207 2068 1592
227 2026 284 2066 id.
308 2030 471 2078 exorta,
494 2025 616 2066 niodo
637 2025 800 2066 abbatis
820 2039 912 2078 gen.
939 2025 978 2066 d.
1004 2024 1102 2066 Ord.
1127 2038 1322 2066 assensus
1343 2024 1528 2065 accedat.

98 2092 138 2126 R.
159 2103 215 2135 ap.
237 2091 272 2126 S.
294 2092 335 2126 P.
355 2092 403 2125 id.
422 2091 509 2125 Maii
531 2095 614 2127 1625
633 2092 673 2126 Ρ.
693 2102 751 2126 an.
774 2092 814 2126 11.

1298 2184 1387 2228 Ray.
1409 2184 1496 2217 hall.
1525 2183 1583 2217 VI.
1606 2186 1676 2219 1-6.

176 2297 246 2340 33.
282 2301 354 2339 Eoe
376 2297 632 2350 pastoralis
661 2298 811 2348 officii.
835 2318 861 2323 —
891 2293 1049 2335 Urban.
1092 2293 1208 2346 VHI,
1241 2293 1482 2346 petentibus
1516 2292 1673 2335 Ioanne

93 2365 338 2418 Carpentier
359 2365 457 2406 cler.
481 2364 673 2406 Briocen.
698 2370 741 2405 et
762 2369 864 2406 rect.
889 2370 929 2405 et
950 2364 1200 2417 collegialib.
1225 2364 1390 2417 collegii
1411 2362 1452 2406 S.
1471 2363 1506 2405 I.
1526 2365 1570 2404 in
1587 2365 1666 2406 ciV.

94 2435 371 2488 Corisopiten.
394 2436 529 2477 tribus
549 2436 701 2477 abhinc
721 2437 841 2477 annis
872 2436 922 2477 de
951 2435 1056 2476 Lud.
1080 2449 1164 2488 reg.
1189 2436 1276 2476 chr.
1301 2448 1504 2476 consensu
1523 2435 1668 2486 erecti,

92 2506 265 2548 mandat
285 2506 450 2548 officiali
471 2507 715 2549 Rhedonen.
741 2512 786 2548 ut
813 2521 909 2548 cum
937 2507 977 2548 d.
1002 2507 1096 2548 coll.
1121 2508 1241 2548 uniat
1260 2507 1491 2559 prioratum
1513 2506 1554 2547 S.
1581 2505 1670 2547 Ste-

91 2578 220 2630 phani
241 2577 291 2619 de
325 2578 368 2618 la
401 2577 672 2619 Bretonniere
707 2579 754 2619 O,
781 2578 820 2620 S.
846 2579 953 2630 Aug.
987 2592 1078 2619 can.
1103 2591 1185 2630 reg.
1216 2576 1463 2619 Rhedonen.
1488 2576 1618 2618 dioec.
1643 2591 1668 2617 a

90 2648 129 2689 d.
153 2648 311 2690 Ioanne
340 2649 595 2700 resignatum
618 2648 704 2702 (Fr.
729 2651 782 2690 24
803 2649 937 2702 duc.),
960 2663 985 2689 a
1014 2663 1125 2689 mon.
1150 2648 1191 2690 S.
1215 2647 1359 2689 Iacobi
1379 2661 1508 2700 prope
1529 2647 1667 2688 Mont-

89 2720 233 2761 fortier
267 2719 306 2760 d.
331 2719 429 2760 Ord.
468 2719 601 2761 dioec.
626 2720 876 2761 Maclovien.
915 2720 1235 2773 dependentem,
1272 2719 1419 2760 habitu
1454 2732 1536 2760 non
1570 2723 1666 2760 actu

88 2790 404 2831 conventualem
425 2804 501 2832 nec
521 2791 760 2842 electivum,
784 2792 873 2832 sine
897 2805 996 2832 cura
1018 2791 1268 2832 animarum.
1295 2789 1443 2831 Pensio
1465 2791 1544 2831 380
1565 2789 1660 2832 libr.

87 2860 242 2902 Turon.
265 2866 477 2902 reservata
497 2861 538 2902 d.
562 2861 722 2903 Ioanni.

84 2926 128 2961 R.
149 2937 207 2968 ap.
228 2926 264 2961 S.
285 2926 325 2960 Ρ.
346 2926 428 2961 XIV
447 2926 520 2961 kal.
539 2927 607 2962 Iul.
627 2930 711 2962 1625
728 2927 770 2961 P.
789 2938 847 2961 an.
866 2928 910 2962 II.

1268 3003 1356 3044 Re9.
1375 3001 1466 3035 bull.
1492 3002 1530 3036 V.
1547 3003 1610 3035 319
1628 3001 1663 3036 b.
