1989 3252
653 489 1277 561 ALEXANDRI
1325 489 1502 561 VII.

277 702 478 738 Alexandri
496 702 574 738 VII.
596 702 778 739 Senensis.
798 703 934 736 Fabius
953 701 1081 741 Chisii,
1100 702 1224 737 Presb.
1245 700 1349 735 Card.
1371 701 1425 735 tit.
1447 700 1483 735 S.
1506 699 1643 734 Mariae
1666 700 1711 734 de
1728 699 1875 744 populo,

342 761 490 792 creatus
508 758 585 798 VII,
605 764 797 792 coronatus
817 758 935 792 XVIII
957 760 1041 800 Apr.
1063 759 1160 798 1655,
1180 757 1271 791 obiit
1288 756 1394 791 XXII
1408 755 1495 789 Maii
1516 758 1612 790 1667.

276 813 464 848 Laudibus
494 813 529 847 S.
550 813 576 848 I.
598 813 760 855 indulget
792 818 867 846 tuin
898 812 1065 856 plurimis
1094 812 1188 851 aliis,
1208 817 1283 845 tum
1312 812 1347 844 in
1377 810 1507 845 litteris
1536 810 1579 843 ad
1610 809 1878 852 rempublicam

344 869 519 903 Venetam
531 869 574 902 de
592 872 739 912 recepta
756 867 890 902 iterum
903 867 1095 902 Societate.
1116 867 1276 902 illustres
1292 871 1431 900 nostros
1449 869 1572 908 poetas
1589 865 1761 899 Iacobum
1778 864 1878 899 Wal-

343 924 445 964 lium,
474 924 645 958 Iacobum
674 924 798 960 Balde.
828 923 947 957 missis
972 923 1083 957 etiam
1108 921 1211 956 donis
1240 921 1444 955 honoravit.
1472 920 1614 954 Mortuo
1640 920 1680 953 P.
1709 919 1877 954 Sidronio

344 979 505 1012 Hoschio
531 991 551 1012 a
582 978 754 1022 palatinis
780 979 923 1012 vatibus
951 977 1058 1012 iussit
1088 976 1287 1019 parentari,
1320 975 1412 1010 etin
1441 975 1538 1008 brevi
1569 977 1589 1009 2
1617 974 1694 1009 Oct.
1725 976 1807 1009 1655
1831 972 1878 1008 ad

345 1035 381 1066 P.
401 1033 637 1068 Franciscum
654 1034 801 1068 Vandei-
819 1033 960 1067 Veken.
981 1033 1042 1074 qui
1062 1043 1145 1066 suas
1163 1032 1207 1066 de
1227 1033 1299 1066 Deo
1316 1030 1580 1074 disputationes
1607 1029 1639 1063 ei
1665 1029 1850 1063 dicaverat
1868 1040 1875 1062 ε

341 1102 358 1117 κ
378 1088 493 1128 Quem
513 1093 649 1129 nostro,
669 1088 799 1130 inquit.
828 1087 964 1122 nomini
992 1087 1123 1120 divinis
1152 1087 1196 1120 de
1220 1087 1329 1120 rebus
1355 1085 1489 1119 librum
1515 1083 1747 1127 nuncupasti,
1772 1082 1878 1126 perli-

340 1144 467 1178 benter
485 1144 712 1186 excepimus3
732 1154 817 1176 nam
834 1153 914 1176 curn
935 1146 1037 1176 vetus
1054 1142 1147 1175 inter
1165 1152 1228 1175 nos
1254 1139 1475 1174 consuetudo
1495 1139 1550 1171 his
1575 1138 1715 1173 artibus
1732 1138 1876 1171 coalue-

339 1198 400 1238 rit,
420 1198 547 1232 iisdem
565 1209 587 1232 a
604 1204 638 1231 te
658 1197 808 1232 retineri
826 1196 960 1237 decuit,
980 1208 1022 1230 ac
1039 1196 1210 1239 quoniam
1232 1206 1303 1229 una
1320 1205 1403 1228 cum
1421 1204 1592 1236 suprema
1611 1192 1680 1226 hac
1698 1192 1876 1234 dignitate

342 1253 491 1297 propius
509 1253 619 1287 etiam
641 1254 714 1287 Deo
734 1252 872 1287 admoti
905 1263 1042 1290 sumus.
1062 1251 1118 1285 his
1142 1250 1357 1285 muneribus
1381 1249 1498 1283 excoli
1522 1248 1654 1290 quibus
1678 1247 1876 1282 identidem

339 1308 410 1342 loci
428 1312 462 1342 et
481 1319 562 1342 cum
582 1319 652 1351 quo
673 1320 728 1342 res
746 1319 788 1341 ac
807 1307 970 1342 rationes
988 1307 1175 1340 habendae
1193 1306 1298 1340 nobis
1316 1305 1390 1338 sint
1406 1304 1681 1338 admoneamur.

279 1364 433 1397 Librum
450 1367 486 1398 et
502 1364 675 1397 corollam
697 1363 887 1397 vulnerum
909 1362 1053 1400 Chr-isti,
1073 1373 1093 1395 a
1120 1361 1162 1396 P.
1183 1360 1392 1395 Guillielmo
1414 1359 1658 1397 adinventam,
1676 1358 1728 1391 sic
1754 1357 1879 1400 proba-

340 1419 391 1452 vitv
409 1424 445 1453 ut
466 1418 543 1452 eius
560 1418 610 1452 rei
628 1422 739 1453 testvs
757 1418 802 1452 ad
819 1418 937 1461 ipsum
954 1417 1095 1452 litteras
1113 1427 1178 1460 per
1194 1414 1462 1450 cubicularium
1478 1424 1584 1447 suum
1602 1412 1770 1447 comitem
1790 1413 1881 1447 Fur·

340 1473 604 1518 stembergium
631 1474 784 1508 dederit.
810 1474 886 1514 Pro
912 1472 1010 1507 felici
1038 1476 1155 1506 morte
1181 1471 1413 1514 impetranda
1440 1469 1646 1503 institutam
1664 1467 1828 1503 Cortraci
1857 1479 1877 1501 a

340 1529 380 1561 P.
402 1529 586 1563 Lndovieo
606 1529 726 1564 Iacobi
746 1527 1080 1572 Congregationem
1098 1527 1227 1571 agonis
1243 1525 1392 1564 Christi,
1405 1524 1547 1558 adiecta
1560 1523 1671 1558 etiam
1688 1522 1874 1565 indulgen-

339 1583 402 1618 tia.
422 1584 664 1620 confirmavit,
686 1583 932 1618 suadentibus
952 1581 1138 1616 Cardinali
1157 1581 1200 1614 de
1218 1581 1321 1623 Lugo
1340 1584 1375 1613 et
1392 1578 1543 1613 Nicolao
1569 1576 1741 1618 Zucchio,
1761 1576 1876 1610 cardi-

338 1638 478 1672 nalium
494 1639 530 1672 in
549 1638 713 1672 conclavi
731 1637 965 1674 confessario.
983 1635 1219 1680 Conceptioni
1240 1636 1281 1669 B.
1299 1635 1348 1669 M.
1372 1633 1532 1676 Virginis
1551 1636 1722 1675 negatum
1741 1633 1873 1665 imma-

337 1693 483 1727 culatae
500 1693 649 1728 titulum
666 1693 842 1735 restituit,
857 1698 891 1727 et
908 1693 948 1727 P.
969 1691 1121 1727 Martini
1136 1691 1180 1724 de
1198 1692 1348 1734 Fsparza
1363 1690 1456 1723 libro
1470 1689 1513 1723 de
1527 1688 1707 1731 Deiparae
1723 1698 1875 1729 concep-

340 1748 437 1782 tione
454 1759 475 1782 a
491 1760 529 1782 se
547 1748 657 1782 scribi
678 1749 784 1786 iusso,
802 1748 969 1782 eumdem
983 1747 1131 1782 titulum
1151 1746 1303 1789 praefigi
1322 1745 1448 1779 voluit.
1470 1744 1587 1778 Litem
1606 1744 1650 1777 de
1669 1742 1707 1776 S.
1726 1740 1876 1776 Antonii

337 1804 480 1838 abbatis
497 1815 662 1847 corpore,
678 1804 914 1847 'Arelatenses
930 1803 1027 1837 inter
1040 1806 1075 1837 et
1088 1802 1313 1836 Viennenses
1327 1800 1515 1843 agitatam,
1529 1798 1729 1833 secundum
1747 1797 1814 1832 hos
1833 1807 1877 1830 ex

339 1858 381 1892 P.
407 1859 555 1893 Ioannis
583 1858 749 1892 Bollandi
778 1857 971 1896 sententia,
999 1856 1153 1891 decidit:
1182 1855 1365 1897 huiusque
1390 1854 1528 1888 obitum
1546 1853 1629 1888 tulit
1659 1852 1875 1896 aegei-rime,

337 1914 557 1957 negavitque
581 1914 707 1948 utilius
733 1923 843 1956 quam
863 1914 952 1946 Acta
975 1913 1199 1946 Sanctorum
1218 1922 1307 1953 opus
1325 1914 1360 1944 et
1389 1908 1575 1943 Ecclesiae
1594 1907 1660 1942 Dei
1680 1906 1876 1950 gloriosius

338 1969 476 2003 editum
494 1969 603 2003 fuisse
621 1980 642 2003 a
660 1979 843 2010 quoquam
860 1972 923 2002 aut
941 1967 1051 2002 etiam
1069 1967 1292 2001 inchoatum.

272 2024 314 2059 P.
333 2024 506 2059 Ioannem
521 2024 722 2067 Baptistam
742 2023 992 2058 ‹janeellatum
1010 2022 1252 2056 conscientiae
1271 2032 1358 2055 suae
1383 2020 1562 2054 arbitrum
1587 2023 1622 2053 et
1642 2018 1680 2052 Ρ.
1700 2018 1873 2053 Ioannem

338 2079 496 2114 Paulum
515 2079 622 2114 Oliva
638 2079 751 2113 fidum
769 2078 807 2113 in
825 2078 1044 2122 gravissimo
1063 2077 1098 2112 S.
1120 2077 1222 2112 Sedis
1242 2075 1397 2120 negotiis
1415 2075 1660 2109 consultorem
1680 2073 1848 2107 habebat.

357 2360 394 2402 l.
431 2359 693 2400 Covlestz'um
718 2369 962 2398 munerum
983 2355 1236 2396 thesazwos.
1256 2375 1281 2380 -
1298 2347 1530 2390 Alexandri
1548 2346 1629 2388 VII
1651 2345 1864 2387 concessio

273 2427 432 2481 indulg.
459 2441 532 2481 pro
554 2426 824 2468 missionibus
846 2424 886 2466 S.
912 2425 945 2465 I.
970 2422 1070 2477 (Cir.
1096 2423 1200 2465 Urb.
1229 2421 1345 2473 VIII,
1371 2422 1483 2471 154).

270 2497 312 2530 25
331 2497 416 2538 Apr.
435 2495 530 2530 1655.

1598 2560 1751 2594 Elench.
1772 2559 1862 2594 bull.

352 2684 395 2727 2.
429 2688 586 2737 Nuper
600 2695 687 2737 pro
707 2684 852 2735 par-le.
877 2703 903 2708 —
924 2675 1155 2718 Alexandri
1171 2674 1267 2725 VII,
1286 2676 1456 2726 petente
1473 2675 1576 2712 rect.
1596 2669 1691 2711 coll.
1711 2668 1856 2710 Soran.

269 2754 310 2796 S.
336 2754 370 2794 Ι.
397 2753 569 2794 mandat
589 2752 786 2804 episcopo
804 2750 947 2790 Soran.
968 2754 1010 2789 et
1026 2747 1266 2801 primicerio
1287 2744 1390 2786 eccl.
1411 2743 1557 2784 Sor-an.
1577 2746 1624 2782 ut
1642 2740 1857 2781 licentiam

265 2825 498 2867 concedant
518 2821 725 2864 vendendi
746 2821 915 2862 domum
933 2819 1160 2874 quamdam
1178 2822 1225 2859 ut
1241 2817 1471 2870 plurimum
1492 2814 1706 2855 illocatam
1723 2809 1855 2864 (redd.

267 2898 291 2938 7
312 2897 355 2950 Ἰ,
376 2905 454 2948 sc.)
470 2901 513 2936 et
529 2894 626 2935 inde
643 2892 866 2947 reparandi
883 2891 1033 2933 eccl.et
1047 2890 1284 2931 coll.terrae
1301 2886 1484 2928 motibus
1502 2885 1699 2926 damnum
1717 2895 1856 2936 passa.

268 2964 307 2998 R.
328 2975 386 3005 ap.
408 2962 444 2997 S.
466 2962 515 2995 M.
537 2961 584 2994 M.
609 2959 767 2995 XXVIII
785 2959 864 2994 Iun.
890 2959 971 2993 1655
989 2958 1029 2992 P.
1050 2969 1109 2990 an.
1130 2956 1172 2990 V.

1437 3029 1527 3072 Κεφ
1547 3026 1636 3061 bule.
1660 3025 1721 3060 Vl.
1744 3027 1805 3060 126
1822 3024 1857 3057 b.
