1989 3252
269 179 414 224 Pauli
433 179 488 224 V.
944 205 998 211 —
1027 181 1106 223 286
1135 207 1191 214 —-
1727 190 1855 237 1619.

351 266 452 310 222.
486 265 538 306 A.
575 265 622 308 P.
655 265 705 308 R.
739 266 798 309 M.
828 274 1166 326 ezr-cumspeeta
1194 278 1322 316 Rom.
1345 278 1514 328 Pontisl
1537 299 1563 305 -
1591 274 1711 316 Paul.
1736 274 1775 316 V
1802 275 1857 318 ad

272 349 421 389 preces
445 335 646 389 Leopoldi
670 337 792 379 electi
823 339 1095 391 Argentinen.
1114 342 1345 394 prioratum
1362 343 1402 386 S.
1422 343 1638 386 Valentini
1668 345 1856 389 Rubeaoi

276 407 326 448 O.
350 406 391 448 S.
416 406 462 448 B.
488 407 682 449 Basileon
713 408 847 451 dioec.
870 410 968 451 olim
998 425 1022 451 a
1051 410 1220 465 Gregor.
1244 412 1349 454 XIII
1370 414 1544 468 collegio
1560 415 1850 460 Molshemien.

268 475 314 518 S.
338 477 373 519 I.
397 478 668 531 Argentinen.
694 479 826 523 dioec.
863 481 1135 535 applicatum,
1161 497 1255 525 cum
1277 484 1388 526 dicto
1418 485 1591 539 collegio
1612 487 1783 529 aliunde
1804 487 1855 530 de

269 548 502 591 sufficiente
524 552 831 593 sustentatione
847 566 959 593 nunc
974 554 1186 606 provisum
1205 556 1275 607 sit,
1293 555 1469 609 collegio
1490 557 1533 597 in
1553 558 1706 611 oppido
1721 558 1855 601 Seles-

267 619 356 662 tad.
394 620 529 663 dioec.
567 622 839 676 Argentinen.
865 623 906 665 S.
939 622 974 665 I.
998 625 1183 666 nondum
1217 627 1297 668 rite
1330 627 1502 670 fundato
1536 629 1725 682 applicat
1757 644 1855 672 cum

271 690 505 734 redditibus
525 692 579 734 ad
598 707 807 736 summam
832 696 908 737 150
930 695 1195 739 ducatorum.

263 757 307 792 R.
327 768 385 801 ap.
407 758 445 794 S.
463 759 512 794 M.
532 759 581 793 M.
602 760 648 795 v1
667 760 714 795 id.
736 761 842 795 Febr.
864 763 948 796 1618
966 761 1006 796 Ρ.
1026 772 1085 797 an.
1104 763 1203 799 XIV.

1346 874 1473 909 Fund.
1493 874 1616 910 Rham·
1631 886 1755 919 super.
1775 879 1850 913 487.

347 981 450 1025 223.
485 979 534 1020 A.
571 979 617 1021 F.
651 979 702 1021 R.
735 979 792 1022 M.
822 985 1036 1027 omnium
1064 986 1218 1027 saluti.
1252 1008 1278 1014 —
1307 983 1426 1025 Paul.
1461 983 1497 1025 V
1532 984 1585 1026 ad
1620 986 1852 1040 quinquen-

265 1051 381 1091 nium
407 1051 599 1092 concedit
620 1051 821 1093 ecclesiae
843 1052 885 1095 S.
908 1053 942 1095 I.
967 1053 1148 1107 Angren.
1169 1068 1242 1108 pro
1263 1054 1387 1096 altari
1406 1054 1467 1096 XI
1487 1070 1528 1098 m
1567 1055 1787 1110 Virginum
1807 1058 1851 1100 in

264 1119 333 1161 die
364 1124 405 1161 et
426 1125 576 1162 octava
605 1124 1015 1165 commemorationis
1044 1123 1235 1166 fidelium
1266 1125 1561 1168 defunctOrum
1588 1132 1631 1168 et
1664 1128 1852 1181 qualibet

265 1189 451 1231 secunda
488 1190 595 1232 feria
633 1191 937 1246 indulgentiam
979 1207 1054 1247 per
1092 1194 1263 1236 modum
1302 1194 1490 1249 suffragii
1530 1210 1604 1250 pro
1645 1198 1787 1239 anima
1825 1212 1851 1240 a

261 1262 503 1314 purgatorio
525 1261 756 1304 liberanda.

262 1326 306 1362 R.
325 1338 381 1370 ap.
404 1327 438 1361 S.
462 1328 509 1362 M.
530 1328 579 1363 Μ.
599 1328 652 1364 IX
671 1329 756 1363 Feb.
777 1332 862 1365 1619
879 1330 921 1364 P.
940 1341 999 1364 an.
1020 1330 1121 1366 XIV.

1476 1441 1560 1485 περ.
1580 1441 1669 1476 bun.
1688 1442 1750 1477 JV.
1772 1445 1848 1479 333.

343 1560 446 1603 224.
480 1564 670 1615 Expom'
688 1562 819 1603 nobis
837 1574 999 1616 nuper.
1023 1584 1049 1590 —
1069 1559 1191 1602 Paul.
1209 1559 1261 1611 V,
1283 1565 1453 1615 petente
1473 1566 1637 1604 rectore
1657 1566 1700 1604 et
1724 1562 1848 1605 colle-

261 1627 442 1681 gialibus
463 1628 561 1670 coll.
584 1628 625 1670 S.
650 1628 685 1670 I.
709 1629 919 1682 Perusin.‚
941 1630 1098 1672 vicario
1131 1644 1225 1684 gen.
1251 1632 1435 1686 episcopi
1463 1632 1655 1689 lJerusini
1675 1633 1850 1675 mandat

258 1703 307 1740 ut
327 1699 588 1741 voluntatem
609 1699 834 1742 Simonetti
857 1702 1085 1753 Anastasii‚
1108 1715 1192 1756 qua
1219 1716 1347 1743 unam
1368 1703 1600 1757 cappellam
1622 1718 1696 1746 seu
1715 1704 1848 1746 altare

257 1770 306 1812 B.
327 1770 387 1812 M.
408 1771 661 1813 liberatricis
674 1786 809 1814 nunc.
834 1773 877 1813 in
898 1774 1078 1815 ecclesia
1098 1773 1139 1814 d.
1163 1773 1330 1827 collegii
1349 1776 1533 1816 construi
1552 1776 1698 1828 voluit,
1717 1790 1844 1831 quum

260 1855 357 1883 aere
386 1842 526 1884 alieno
561 1846 604 1884 et
638 1842 787 1896 legatis
823 1844 972 1885 solutis
1001 1845 1168 1885 nonnisi
1201 1846 1254 1886 58
1288 1859 1347 1887 sc.
1369 1850 1562 1888 monetae
1596 1859 1794 1888 romanae
1823 1860 1846 1889 e

257 1912 380 1954 bonis
402 1913 706 1966 superfuerint,
729 1919 973 1956 commutet.

258 1978 303 2014 R.
322 1990 380 2022 ap.
404 1979 439 2014 S.
460 1980 510 2014 Μ.
529 1980 579 2015 Μ.
600 1980 725 2016 XXVI
741 1981 827 2024 Apr.
849 1983 933 2017 1619
951 1981 991 2015 Ρ.
1012 1992 1070 2016 an.
1091 1981 1189 2017 XIV.

1468 2095 1554 2138 Rey.
1575 2096 1663 2130 hall.
1684 2096 1748 2131 IV.
1766 2099 1842 2133 339.

336 2214 440 2258 225.
478 2215 734 2257 Coelestz'um
765 2230 1028 2259 munerum.
1052 2240 1077 2246 —
1107 2215 1226 2258 Paul.
1259 2214 1312 2268 V,
1343 2221 1513 2272 petente
1542 2216 1677 2260 Mutio
1710 2217 1843 2260 Vitel-

257 2284 370 2326 lesco
407 2284 447 2326 S.
486 2284 521 2326 I.
559 2284 709 2339 Praep.
742 2285 866 2339 Gen.‚
902 2288 1179 2329 missionariis
1214 2287 1255 2330 S.
1293 2288 1328 2330 I.
1352 2293 1394 2330 et
1428 2289 1623 2331 fidelibus
1657 2289 1710 2331 ad
1738 2304 1843 2344 quos

256 2357 524 2407 accesserint,
559 2362 694 2410 apost.
731 2357 1065 2400 benedictionem
1104 2363 1144 2401 et
1179 2359 1335 2413 indulg.
1370 2360 1481 2413 plen.
1515 2374 1589 2414 pro
1627 2374 1713 2402 una
1749 2361 1841 2403 vice

254 2429 457 2470 concedit.
482 2429 547 2470 Ad
567 2430 847 2482 septennium.

253 2493 298 2528 R.
318 2505 375 2537 ap.
398 2494 434 2529 S.
455 2495 503 2530 M.
527 2495 702 2530 M.11un.
726 2498 809 2531 1619
828 2495 868 2529 P.
888 2506 947 2529 an.
968 2495 1048 2530 XV.

1407 2609 1494 2651 Rey.
1513 2608 1601 2642 bun.
1622 2608 1686 2642 JV.
1707 2611 1782 2644 340.
1803 2609 1837 2642 b.

331 2728 436 2771 226.
474 2731 677 2771 Caelestis
697 2733 856 2771 Patris
869 2732 1179 2785 providentia.
1194 2754 1219 2760 -
1236 2729 1355 2770 Paul.
1367 2727 1419 2781 V,
1433 2729 1670 2783 petentibus
1685 2729 1834 2783 Praep.

250 2798 353 2840 Gen.
379 2802 422 2839 et
442 2803 602 2839 rectore
619 2812 669 2840 ac
688 2799 978 2852 collegialibus
999 2800 1092 2842 coll.
1113 2800 1154 2842 S.
1173 2800 1208 2842 Ι.
1228 2800 1500 2842 Aurelianen.
1519 2801 1687 2842 officiali
1711 2802 1838 2843 Aure-

250 2869 407 2910 lianen.
433 2870 608 2911 mandat
629 2875 676 2911 ut
697 2884 793 2912 cum
821 2870 860 2912 d.
886 2870 1074 2924 collegio,
1100 2885 1151 2912 ex
1173 2872 1340 2913 decreto
1360 2871 1560 2914 Ludovici
1580 2872 1837 2915 Francorum

248 2942 359 2994 regis
396 2950 552 2993 erecto,
585 2943 704 2983 uniat
739 2943 950 2995 prioratus
986 2943 1028 2984 S.
1062 2942 1259 2984 Sansonis
1293 2944 1562 2986 Aurelianen.
1586 2944 1634 2986 O.
1659 2945 1700 2986 S.
1725 2946 1832 2998 Aug.

251 3026 344 3055 can.
368 3026 455 3066 reg.
480 3016 522 3054 et
543 3012 586 3054 S.
610 3012 780 3069 Sulpitii
801 3013 852 3055 de
882 3014 1038 3070 Aquila
1065 3014 1187 3067 vulgo
1208 3014 1259 3055 de
1278 3013 1421 3068 Laigle
1441 3029 1564 3057 nunc.
1589 3015 1638 3057 Ο.
1661 3015 1701 3057 S.
1726 3015 1829 3059 Ben.
