1989 3252
269 185 413 230 Clem.
434 183 562 228 XIV.
935 207 990 214 —
1018 184 1099 225 504
1127 209 1182 215 -
1730 185 1859 232 1772.

271 271 379 324 petit
414 274 463 311 ut
497 283 617 311 sacra
650 271 852 312 maiestas
889 284 1027 314 moras
1065 276 1254 325 excuset,
1291 272 1359 313 cui
1396 270 1714 314 benevolentiae
1752 272 1870 326 signa

274 341 448 383 indubia
469 341 608 382 danda
628 355 681 382 ne
701 341 882 383 dubitet.

267 407 312 443 R.
331 418 391 450 ap.
412 406 448 440 S.
467 407 518 442 M.
538 406 589 440 M.
610 418 662 449 pr.
683 406 757 441 kal.
780 407 863 442 Dec.
885 410 970 443 1769
989 407 1028 441 Ρ.
1048 419 1108 443 an.
1126 409 1153 444 Ι.

272 525 441 566 Theiner,
461 537 518 570 op.
539 527 598 560 cit.
621 537 653 568 p.
674 528 727 561 37.

352 654 392 697 7.
429 659 495 695 La
525 654 725 708 beniyna
755 656 1066 710 accoylz'enza.
1104 678 1130 684 -
1165 652 1297 696 Clem.
1336 652 1453 706 XIV,
1490 653 1669 708 Iosepho
1705 654 1742 708 Ι,
1779 655 1866 708 regi

274 723 538 775 fidelissimo,
576 722 776 776 gaudium
814 738 935 765 suum
978 725 1189 778 significat
1224 725 1275 766 de
1311 730 1530 780 acceptato
1566 739 1673 768 novo
1709 725 1868 767 Nuntio

274 795 535 848 Apostolico,
559 794 807 836 Innocentio
829 794 968 847 Gonti,
992 796 1065 850 qui
1086 797 1300 838 maiestati
1320 797 1461 850 regiae
1481 797 1634 838 serviet
1655 801 1866 851 prompte,

269 871 446 921 paratus
484 866 538 908 ad
558 866 800 908 exhibenda
835 865 1083 909 fidelissimo
1104 869 1192 921 regi
1229 870 1337 910 sicut
1357 872 1399 910 et
1432 869 1521 921 regi
1557 867 1805 922 Hispaniae,
1828 869 1871 909 in

275 939 490 980 communi
511 938 679 991 negotio
709 937 817 979 bene
847 943 962 990 noto,
987 939 1135 980 eadem
1157 940 1400 981 testimonia
1421 939 1756 982 benevolentiae.

272 1005 316 1040 R.
337 1015 395 1048 ap.
417 1004 453 1039 S.
473 1005 522 1039 M.
546 1005 593 1039 M.
616 1005 649 1039 X
672 1005 754 1039 Dec.

1223 1115 1334 1149 Arch..
1354 1114 1585 1159 Stonyhurst
1603 1116 1673 1156 (θα).
1694 1113 1834 1159 lithoyr
1851 1117 1872 1156 ).

361 1244 403 1286 8.
437 1240 488 1281 A.
511 1240 558 1282 F.
584 1240 633 1282 R.
659 1239 718 1282 M.
750 1247 894 1285 Tanta
914 1257 1109 1298 semper.
1134 1267 1160 1273 —
1182 1241 1315 1284 Clem.
1339 1240 1455 1294 XIV,
1486 1246 1656 1295 petente
1692 1241 1874 1283 Henrico

278 1312 402 1355 Card.
428 1312 534 1354 duce
570 1312 830 1354 Eboracensi
853 1313 1048 1367 episcopo
1084 1313 1340 1365 Tusculano,
1364 1318 1406 1355 et
1441 1317 1606 1355 attenta
1636 1314 1727 1355 eius
1763 1312 1877 1354 obla-

278 1384 393 1425 tione
434 1396 598 1424 annuae
638 1384 965 1436 praestationis,
1008 1385 1208 1426 unionem
1247 1384 1486 1425 scholarum
1526 1383 1793 1437 publicarum
1834 1388 1877 1425 et

279 1455 496 1497 seminarii
533 1454 762 1496 Tusculani
797 1469 823 1497 a
858 1455 961 1497 Ben.
986 1454 1092 1497 XIII
1126 1461 1228 1497 tunc
1258 1456 1303 1496 in
1338 1455 1572 1497 minoribus
1607 1461 1650 1497 et
1688 1456 1882 1510 episcopo

283 1526 454 1568 Tuscul.
480 1526 683 1568 ecclesiae
720 1527 879 1569 factam
915 1541 1011 1569 cum
1048 1527 1143 1569 coll.
1168 1527 1209 1570 S.
1241 1527 1276 1570 I.
1302 1527 1494 1569 dissolvit
1527 1531 1570 1569 et
1604 1528 1886 1569 seminarium

281 1604 371 1640 tam
392 1599 531 1653 quoad
553 1599 791 1641 oblationes
812 1613 939 1654 quam
975 1600 1114 1655 quoad
1135 1600 1220 1642 alia
1241 1601 1384 1642 omnia
1402 1601 1494 1642 vice
1531 1599 1570 1642 d.
1595 1600 1769 1654 collegii
1789 1600 1886 1641 sub-

280 1671 435 1713 stituit.

281 1737 323 1772 R.
343 1749 401 1780 ap.
423 1737 459 1771 S.
481 1737 531 1770 M.
554 1737 601 1770 M.
622 1738 692 1773 XII
711 1738 798 1773 Feb.
820 1740 906 1773 1770
925 1738 965 1772 P.
987 1749 1046 1772 an.
1068 1738 1095 1773 Ι.

281 1841 390 1891 Ball.
403 1857 510 1892 Rom.

365 1985 408 2028 9,
444 1981 490 2023 Α.
519 1982 566 2023 Ρ.
589 1981 640 2024 R.
666 1981 722 2024 M.
755 1989 1102 2027 Ferram'ensem
1122 1986 1282 2028 studii.
1306 2009 1332 2015 -—
1362 1983 1494 2026 Clem.
1528 1981 1643 2035 XIV,
1668 1995 1880 2036 exponen-

285 2053 402 2095 tibus
425 2053 774 2095 reformatoribus
806 2053 937 2095 studii
968 2055 1257 2096 universitatis
1286 2054 1583 2106 Ferrariensis,
1606 2053 1881 2096 haereditatis

287 2125 340 2167 ab
362 2125 537 2167 Alberto
555 2125 700 2167 Penna
717 2139 828 2167 anno
849 2127 954 2167 1688
976 2126 1151 2168 relictae
1171 2141 1267 2169 cum
1288 2141 1413 2169 onere
1435 2125 1641 2168 fundandi
1660 2125 1882 2179 collegium

288 2197 329 2239 S.
354 2197 390 2239 I.
414 2202 454 2239 et
476 2210 571 2238 cum
594 2210 797 2251 expressa
833 2197 1120 2250 prohibitione
1143 2200 1487 2240 commutationis
1517 2212 1617 2239 suae
1639 2197 1882 2248 voluntatis,

290 2269 468 2311 attentis
490 2268 529 2309 d.
555 2268 722 2322 collegii
743 2282 854 2310 anno
880 2271 986 2311 1692
1006 2271 1135 2311 erecti
1157 2276 1198 2311 et
1224 2271 1330 2311 1727
1351 2270 1487 2312 relicti
1507 2268 1882 2318 vicissitudinibus,

290 2339 702 2381 administrationem
724 2340 777 2381 ad
798 2339 1022 2393 collegium
1043 2341 1366 2383 reformatorum
1393 2341 1433 2383 d.
1458 2340 1585 2382 studii
1605 2341 1649 2381 in
1669 2344 1883 2393 posterum

290 2415 481 2466 spectare
517 2416 560 2452 et
594 2412 826 2466 pertinere,
850 2425 933 2453 non
968 2412 1163 2454 obstante
1197 2413 1349 2455 ultima
1384 2412 1423 2454 d.
1454 2412 1619 2454 Alberti
1651 2411 1883 2462 voluntate,

291 2483 497 2525 decernit.

292 2550 335 2584 R.
354 2560 412 2592 ap.
433 2550 468 2584 S.
488 2550 538 2584 M.
559 2549 608 2584 M.
629 2549 754 2585 XXIII
772 2551 846 2583 Ian.
871 2552 952 2585 1772
971 2551 1012 2584 P.
1032 2562 1091 2585 an.
1110 2551 1154 2586 II.

295 2670 395 2703 Ball.
416 2671 520 2705 Rom.

382 2797 452 2840 10.
488 2798 619 2839 Alias
640 2808 740 2837 7203.
763 2818 789 2824 -
810 2791 941 2834 Clem.
967 2792 1066 2834 XIV
1088 2793 1223 2836 Mario
1245 2794 1369 2836 Card.
1394 2794 1647 2847 Marefusco,
1669 2808 1743 2848 per
1765 2793 1888 2834 breve

299 2869 323 2906 6
346 2865 472 2908 Mart.
500 2866 601 2906 1771
628 2864 832 2917 deputato
867 2865 1074 2906 visitatori
1096 2865 1323 2918 apostolico
1352 2865 1447 2906 coll.
1477 2865 1769 2917 Hibernensis,
1796 2868 1890 2918 post

299 2937 549 2978 relationem
567 2936 619 2977 de
635 2936 896 2987 visitatione,
917 2935 1112 2977 concedit
1133 2936 1379 2978 facultatem
1395 2936 1620 2990 derogandi
1636 2940 1889 2978 testamento

300 3007 504 3050 Ludovici
524 3007 649 3049 Gard.
675 3006 890 3048 Ludovisii
912 3008 1011 3048 anni
1047 3009 1169 3060 1629,
1193 3008 1235 3048 in
1257 3021 1307 3049 ca
1328 3013 1447 3062 parte
1468 3022 1552 3063 qua
1571 3009 1662 3062 ipse
1683 3008 1892 3049 commisit

1944 0 1989 228 ἒ.

1980 422 1989 442 Α

1974 447 1989 471 ’.ε
