1989 3252
278 178 420 222 Clem.
446 177 533 221 XI.
947 204 980 208 —
1031 181 1111 220 446
1141 203 1196 210 -
1735 183 1860 226 1716.

274 261 417 314 Bruyn
438 261 479 303 S.
502 261 536 303 I.
557 262 689 316 praef.
712 265 830 305 miss.
855 264 895 306 d.
919 263 959 306 S.
980 266 1024 306 in
1045 279 1160 319 prov.
1182 266 1314 320 Belgii
1331 266 1543 309 foederatis
1558 268 1602 308 in
1619 267 1860 321 Hollandia,

276 333 485 375 concessit
513 332 554 375 S.
590 333 641 375 D.
667 333 720 375 N.
754 335 975 377 facultates
1006 337 1059 378 ad
1089 339 1334 380 triennium.
1356 363 1411 369 -
1430 338 1478 380 F.
1501 338 1623 380 Card.
1649 338 1800 392 Spada,
1825 338 1859 380 I.

276 403 471 446 Bartolus
491 408 578 447 not.

275 469 313 503 F.
335 472 354 504 5
372 469 429 503 die
448 472 486 504 21
510 470 599 504 Nov.
621 473 716 506 1715.

1466 584 1555 628 Rey.
1575 584 1663 617 bull.
1689 584 1765 619 VII.
1789 587 1861 620 126.

355 691 425 734 91.
463 695 557 733 Etsi
577 692 864 746 multiplcces.
889 715 914 721 —
936 689 1068 732 Clem.
1091 690 1152 732 XI
1172 691 1381 734 Gulielmo
1402 692 1653 736 Daubenton
1673 693 1861 747 Philippi

273 760 382 812 regis
416 759 537 813 Hisp.
576 760 688 801 cath.
727 761 981 803 confessario
1017 762 1302 804 calamitatem
1332 777 1357 805 a
1404 763 1638 806 Turcarum
1681 768 1861 816 tyranno

270 831 497 873 instantem
519 833 707 885 exponit,
733 833 922 887 petitque
944 839 991 874 ut
1011 847 1172 887 preces,
1196 834 1349 888 quibus
1370 849 1396 876 a
1416 835 1613 889 Philippo
1629 849 1727 889 rege
1745 836 1856 879 cath.

270 902 410 944 valida
431 908 473 944 et
494 903 694 957 expedita
714 904 902 946 subsidia
924 903 1102 959 flagitat,
1126 906 1272 948 iuvare
1294 920 1421 962 quam
1441 908 1568 949 enixe
1589 907 1702 949 velit.

273 968 313 1001 R.
336 968 425 1003 XIX
445 969 518 1003 Ian.
540 971 635 1005 1716.

275 1077 389 1114 Clem.
408 1078 475 1114 XI.
494 1083 599 1121 epist.

353 1189 427 1234 92.
460 1186 610 1243 Congr.
643 1202 677 1230 s.
710 1189 780 1230 rit.
815 1194 858 1231 et
876 1190 963 1232 ind.
988 1215 1013 1222 -
1035 1190 1232 1233 Patribus
1266 1193 1577 1246 provinciarum
1609 1191 1862 1235 Germaniae

272 1258 514 1312 petentibus
550 1259 849 1313 indulgentias,
874 1263 1002 1303 etiam
1036 1262 1263 1317 plenarias,
1300 1278 1376 1317 pro
1407 1263 1602 1305 fidelibus
1631 1265 1705 1318 qui
1727 1265 1863 1306 solent

269 1330 491 1371 convenire
508 1330 694 1384 quotidie
711 1344 884 1385 vespere
900 1332 953 1374 ad
970 1332 1220 1375 eliciendum
1238 1339 1379 1376 actum
1396 1335 1676 1387 contritionis,
1690 1334 1860 1376 litanias

271 1399 320 1441 B.
350 1399 407 1441 M.
434 1399 482 1442 V.
509 1401 699 1456 aliasque
720 1417 865 1456 preces
900 1403 1134 1447 fundendas
1156 1430 1181 1436 —
1202 1405 1242 1447 S.
1277 1405 1322 1447 C.
1356 1405 1666 1448 concedendam
1697 1407 1862 1448 censuit

268 1471 353 1514 ind.
380 1472 615 1526 quotidian.
644 1476 722 1515 100
745 1474 908 1517 dierum
928 1475 981 1516 ad
998 1477 1280 1530 septennium.

267 1541 308 1572 28
329 1538 402 1572 lan.
424 1541 520 1574 1715.

1709 1653 1843 1689 Bullae

348 1760 420 1805 93.
455 1757 587 1801 Clem.
611 1757 672 1800 XI
693 1759 911 1810 decretum
931 1761 975 1801 in
1004 1774 1132 1802 causa
1153 1760 1359 1803 Viennen.
1384 1763 1426 1803 in
1457 1760 1594 1803 Gallia
1615 1761 1758 1803 beatif.
1782 1776 1857 1804 seu

265 1843 414 1870 canon.
435 1843 528 1871 ven.
547 1825 657 1871 servi
675 1829 752 1872 Dei
768 1828 939 1871 Ioannis
955 1830 1022 1872 Fr.
1043 1830 1168 1884 Regis
1184 1831 1323 1885 presb.
1346 1833 1453 1886 prof.
1473 1833 1512 1875 S.
1533 1833 1568 1876 I.
1587 1847 1713 1888 super
1728 1833 1855 1876 dubio

264 1900 316 1941 de
337 1900 553 1942 miraculis
573 1905 667 1942 octo
687 1900 911 1955 respondet
931 1901 981 1943 de
998 1901 1163 1943 duobus
1183 1902 1332 1944 affirm.
1352 1908 1395 1945 et
1415 1903 1629 1946 decretum
1649 1918 1724 1958 per
1743 1904 1854 1947 litte-

265 1984 333 2013 ras
355 1972 607 2025 apostolicas
629 1973 673 2013 in
693 1972 829 2014 forma
849 1971 986 2014 brevis
1008 1971 1214 2033 publicari
1236 1973 1422 2016 mandat.

261 2040 282 2072 7
300 2038 389 2072 Maii
410 2040 506 2074 1716.

261 2146 406 2181 Relatio
425 2153 633 2182 actorum...
656 2148 776 2183 Roma
794 2150 879 2184 1717
898 2160 932 2191 p.
953 2150 1005 2183 16.

342 2274 415 2317 94.
448 2272 499 2314 A.
525 2272 570 2314 P.
597 2272 646 2315 R.
671 2272 730 2314 M.
763 2279 894 2317 Viros
911 2277 1153 2331 ylorz‘osos.
1173 2299 1198 2306 -
1220 2273 1353 2317 Clem.
1373 2273 1433 2317 XI
1453 2275 1531 2317 Dei
1546 2289 1712 2317 servum
1728 2275 1851 2318 Ioan-

259 2354 355 2383 nem
385 2341 452 2383 Fr.
478 2342 602 2396 Regis
638 2356 722 2384 sac.
747 2343 854 2396 prof.
880 2343 921 2386 S.
947 2343 980 2385 I.
1006 2344 1128 2386 Beati
1162 2346 1333 2387 nomine
1368 2347 1602 2400 nuncupari
1631 2360 1682 2388 ac
1717 2346 1768 2389 de
1799 2361 1848 2389 eo

258 2412 439 2454 officium
473 2419 516 2455 et
552 2415 739 2467 missam,
763 2415 831 2456 die
861 2417 915 2457 24
951 2415 1070 2468 Maii,
1094 2430 1191 2457 cum
1212 2417 1301 2458 dies
1322 2419 1370 2459 31
1410 2417 1509 2459 Dec.
1534 2432 1619 2472 qua
1653 2419 1848 2472 spiritum

258 2482 345 2525 Deo
366 2483 549 2526 reddidit
583 2486 786 2539 impedita
805 2487 875 2539 sit,
898 2488 1070 2529 recitari
1092 2488 1284 2530 concedit
1314 2490 1357 2529 in
1391 2489 1543 2543 oppido
1574 2489 1625 2531 de
1660 2489 1849 2532 Foncou-

258 2559 372 2597 verte
393 2555 431 2596 N
435 2556 637 2598 arbonen.
663 2557 818 2609 dioec„
841 2558 884 2599 in
915 2572 1019 2612 pago
1050 2558 1269 2601 Lalovesci
1292 2559 1497 2602 Viennen.
1522 2560 1651 2603 dioec.
1676 2562 1720 2602 in
1750 2561 1846 2603 Del-

257 2626 452 2679 phinatu,
495 2628 537 2668 in
590 2629 760 2670 civitate
816 2629 1028 2671 Aniciensi
1081 2634 1124 2672 et
1158 2632 1199 2671 in
1236 2631 1432 2673 universa
1464 2631 1673 2673 Sociotate
1710 2633 1805 2674 Iesu
1834 2649 1843 2684 3

259 2697 466 2739 solemnia
486 2698 813 2741 beatificationis
835 2700 1077 2742 celebrandi
1097 2702 1197 2742 facit
1220 2706 1485 2755 potestatem.

258 2764 299 2798 R.
321 2776 379 2807 ap.
401 2765 435 2798 S.
457 2766 504 2801 M.
527 2766 574 2799 M.
596 2766 678 2802 VIII
697 2767 784 2801 Maii
804 2769 889 2802 1716
907 2767 948 2801 Ρ.
969 2778 1026 2802 an.
1048 2768 1144 2803 XVI.

255 2872 356 2906 Bull.
380 2873 486 2908 Rom.
504 2892 545 2898 —
562 2874 643 2909 Nov
676 2875 766 2910 buu.
786 2876 821 2910 S.
841 2876 872 2910 l.
894 2879 969 2912 201-

339 3000 411 3044 95.
448 2998 495 3041 A.
527 2998 573 3042 Ρ.
608 2999 657 3042 R.
682 2999 741 3042 M.
766 3007 926 3062 Nuper
941 3017 1029 3059 pro
1046 3008 1198 3060 parte.
1222 3027 1248 3034 -
1277 3002 1409 3046 Clem.
1445 3002 1518 3056 XI,
1542 3008 1711 3058 petente
1744 3003 1843 3046 Ber-

1956 0 1989 230 ἓ

1977 229 1989 287 ,ἱ
