<?xml version="1.0" encoding="UTF-8"?>
<!DOCTYPE html PUBLIC "-//W3C//DTD XHTML 1.0 Transitional//EN"
    "http://www.w3.org/TR/xhtml1/DTD/xhtml1-transitional.dtd">
<html xmlns="http://www.w3.org/1999/xhtml" xml:lang="en" lang="en">
 <head>
  <title>
</title>
<meta http-equiv="Content-Type" content="text/html;charset=utf-8" />
  <meta name='ocr-system' content='tesseract 3.04.00' />
  <meta name='ocr-capabilities' content='ocr_page ocr_carea ocr_par ocr_line ocrx_word'/>
</head>
<body>
  <div class='ocr_page' id='page_1' title='image "./synopsisactorums02delp_0032.png"; bbox 0 0 1989 3252; ppageno 0'>
   <div class='ocr_carea' id='block_1_1' title="bbox 238 214 1825 262">
    <p class='ocr_par' dir='ltr' id='par_1_1' title="bbox 238 214 1825 262">
     <span class='ocr_line' id='line_1_1' title="bbox 238 214 1825 262; baseline -0.004 1"><span class='ocrx_word' id='word_1_1' title='bbox 238 217 381 262; x_wconf 83' lang='lat' dir='ltr'>Pauli</span> <span class='ocrx_word' id='word_1_2' title='bbox 398 216 453 260; x_wconf 85' lang='lat' dir='ltr'>V.</span> <span class='ocrx_word' id='word_1_3' title='bbox 916 237 971 244; x_wconf 97' lang='lat'><strong>—</strong></span> <span class='ocrx_word' id='word_1_4' title='bbox 999 214 1080 255; x_wconf 85' lang='grc'>248</span> <span class='ocrx_word' id='word_1_5' title='bbox 1108 238 1164 246; x_wconf 90' lang='grc'><strong>-</strong></span> <span class='ocrx_word' id='word_1_6' title='bbox 1691 214 1825 259; x_wconf 84' lang='grc'><strong>1609.</strong></span> 
     </span>
    </p>
   </div>
   <div class='ocr_carea' id='block_1_2' title="bbox 239 299 1830 781">
    <p class='ocr_par' dir='ltr' id='par_1_2' title="bbox 239 299 1830 781">
     <span class='ocr_line' id='line_1_2' title="bbox 321 299 1829 357; baseline -0.006 -7"><span class='ocrx_word' id='word_1_7' title='bbox 321 306 391 350; x_wconf 83' lang='grc'>73.</span> <span class='ocrx_word' id='word_1_8' title='bbox 416 304 676 347; x_wconf 73' lang='lat' dir='ltr'>Pastor-alis</span> <span class='ocrx_word' id='word_1_9' title='bbox 695 305 834 357; x_wconf 73' lang='lat' dir='ltr'>officii</span> <span class='ocrx_word' id='word_1_10' title='bbox 852 316 981 346; x_wconf 76' lang='lat' dir='ltr'>cura.</span> <span class='ocrx_word' id='word_1_11' title='bbox 1000 326 1026 332; x_wconf 91' lang='lat'><em>-</em></span> <span class='ocrx_word' id='word_1_12' title='bbox 1040 301 1159 344; x_wconf 86' lang='lat' dir='ltr'><strong>Paul.</strong></span> <span class='ocrx_word' id='word_1_13' title='bbox 1179 300 1215 342; x_wconf 94' lang='lat' dir='ltr'><strong>V</strong></span> <span class='ocrx_word' id='word_1_14' title='bbox 1228 300 1397 343; x_wconf 84' lang='lat' dir='ltr'>officiali</span> <span class='ocrx_word' id='word_1_15' title='bbox 1412 299 1648 353; x_wconf 87' lang='lat' dir='ltr'>Eysteten.‚</span> <span class='ocrx_word' id='word_1_16' title='bbox 1661 303 1829 354; x_wconf 85' lang='lat' dir='ltr'>petente</span> 
     </span>
     <span class='ocr_line' id='line_1_3' title="bbox 240 371 1828 428; baseline -0.003 -12"><span class='ocrx_word' id='word_1_17' title='bbox 240 374 303 416; x_wconf 87' lang='lat' dir='ltr'>Cl.</span> <span class='ocrx_word' id='word_1_18' title='bbox 327 374 548 428; x_wconf 81' lang='lat' dir='ltr'><strong>Aquaviva</strong></span> <span class='ocrx_word' id='word_1_19' title='bbox 576 372 646 414; x_wconf 88' lang='lat' dir='ltr'>Pr.</span> <span class='ocrx_word' id='word_1_20' title='bbox 671 371 773 414; x_wconf 83' lang='lat' dir='ltr'>Gen.</span> <span class='ocrx_word' id='word_1_21' title='bbox 797 371 838 414; x_wconf 87' lang='lat' dir='ltr'>S.</span> <span class='ocrx_word' id='word_1_22' title='bbox 862 371 897 414; x_wconf 94' lang='lat' dir='ltr'>I.</span> <span class='ocrx_word' id='word_1_23' title='bbox 922 372 1097 414; x_wconf 87' lang='lat' dir='ltr'>mandat</span> <span class='ocrx_word' id='word_1_24' title='bbox 1125 377 1174 413; x_wconf 88' lang='lat' dir='ltr'>ut</span> <span class='ocrx_word' id='word_1_25' title='bbox 1203 371 1424 414; x_wconf 89' lang='lat' dir='ltr'>confirmet</span> <span class='ocrx_word' id='word_1_26' title='bbox 1443 372 1642 413; x_wconf 90' lang='lat' dir='ltr'>unionem</span> <span class='ocrx_word' id='word_1_27' title='bbox 1663 371 1716 412; x_wconf 85' lang='lat' dir='ltr'>ab</span> <span class='ocrx_word' id='word_1_28' title='bbox 1737 371 1828 425; x_wconf 78' lang='lat' dir='ltr'>Epo</span> 
     </span>
     <span class='ocr_line' id='line_1_4' title="bbox 243 442 1829 496; baseline -0.002 -10"><span class='ocrx_word' id='word_1_29' title='bbox 243 445 517 487; x_wconf 87' lang='lat' dir='ltr'>Ratisbonen.</span> <span class='ocrx_word' id='word_1_30' title='bbox 542 457 639 485; x_wconf 89' lang='lat' dir='ltr'>cum</span> <span class='ocrx_word' id='word_1_31' title='bbox 659 443 754 485; x_wconf 90' lang='lat' dir='ltr'>coll.</span> <span class='ocrx_word' id='word_1_32' title='bbox 780 443 821 485; x_wconf 87' lang='lat' dir='ltr'>S.</span> <span class='ocrx_word' id='word_1_33' title='bbox 844 442 880 485; x_wconf 95' lang='grc' dir='ltr'>Ι.</span> <span class='ocrx_word' id='word_1_34' title='bbox 904 442 1226 496; x_wconf 85' lang='lat' dir='ltr'>Ingolstadiensi</span> <span class='ocrx_word' id='word_1_35' title='bbox 1253 443 1295 485; x_wconf 89' lang='lat' dir='ltr'>d.</span> <span class='ocrx_word' id='word_1_36' title='bbox 1336 443 1469 484; x_wconf 97' lang='lat' dir='ltr'>dioec.</span> <span class='ocrx_word' id='word_1_37' title='bbox 1493 442 1652 484; x_wconf 86' lang='lat' dir='ltr'>factam</span> <span class='ocrx_word' id='word_1_38' title='bbox 1677 456 1829 484; x_wconf 88' lang='lat' dir='ltr'>vacan-</span> 
     </span>
     <span class='ocr_line' id='line_1_5' title="bbox 239 513 1825 570; baseline -0.002 -13"><span class='ocrx_word' id='word_1_39' title='bbox 239 518 294 558; x_wconf 90' lang='lat' dir='ltr'>tis</span> <span class='ocrx_word' id='word_1_40' title='bbox 315 514 571 570; x_wconf 84' lang='lat' dir='ltr'>parochialis</span> <span class='ocrx_word' id='word_1_41' title='bbox 601 515 704 556; x_wconf 91' lang='lat' dir='ltr'>eccl.</span> <span class='ocrx_word' id='word_1_42' title='bbox 728 514 809 555; x_wconf 90' lang='lat' dir='ltr'>loci</span> <span class='ocrx_word' id='word_1_43' title='bbox 839 528 914 556; x_wconf 90' lang='lat' dir='ltr'>seu</span> <span class='ocrx_word' id='word_1_44' title='bbox 943 515 1040 568; x_wconf 81' lang='lat' dir='ltr'>pagi</span> <span class='ocrx_word' id='word_1_45' title='bbox 1072 514 1124 555; x_wconf 89' lang='lat' dir='ltr'>de</span> <span class='ocrx_word' id='word_1_46' title='bbox 1155 514 1357 567; x_wconf 86' lang='lat' dir='ltr'>Menzoga</span> <span class='ocrx_word' id='word_1_47' title='bbox 1387 513 1661 555; x_wconf 87' lang='lat' dir='ltr'>Ratisbonen.</span> <span class='ocrx_word' id='word_1_48' title='bbox 1694 513 1825 555; x_wconf 80' lang='lat' dir='ltr'>dioec.</span> 
     </span>
     <span class='ocr_line' id='line_1_6' title="bbox 242 585 1830 641; baseline -0.003 -12"><span class='ocrx_word' id='word_1_49' title='bbox 242 588 285 629; x_wconf 92' lang='lat' dir='ltr'>in</span> <span class='ocrx_word' id='word_1_50' title='bbox 306 600 390 641; x_wconf 86' lang='lat' dir='ltr'>qua</span> <span class='ocrx_word' id='word_1_51' title='bbox 411 586 517 628; x_wconf 91' lang='grc'><strong>0001.</strong></span> <span class='ocrx_word' id='word_1_52' title='bbox 540 587 605 627; x_wconf 87' lang='lat' dir='ltr'>ius</span> <span class='ocrx_word' id='word_1_53' title='bbox 626 585 819 628; x_wconf 89' lang='lat' dir='ltr'>advocati</span> <span class='ocrx_word' id='word_1_54' title='bbox 834 599 883 627; x_wconf 91' lang='grc'>30</span> <span class='ocrx_word' id='word_1_55' title='bbox 900 586 1027 627; x_wconf 85' lang='lat' dir='ltr'>etiam</span> <span class='ocrx_word' id='word_1_56' title='bbox 1043 590 1290 639; x_wconf 71' lang='lat' dir='ltr'>patronatus</span> <span class='ocrx_word' id='word_1_57' title='bbox 1306 590 1347 627; x_wconf 88' lang='lat' dir='ltr'>et</span> <span class='ocrx_word' id='word_1_58' title='bbox 1362 598 1439 638; x_wconf 88' lang='lat' dir='ltr'>pro</span> <span class='ocrx_word' id='word_1_59' title='bbox 1457 585 1623 639; x_wconf 85' lang='lat' dir='ltr'>aequali</span> <span class='ocrx_word' id='word_1_60' title='bbox 1638 586 1830 639; x_wconf 75' lang='lat' dir='ltr'>portione</span> 
     </span>
     <span class='ocr_line' id='line_1_7' title="bbox 243 655 1826 710; baseline -0.001 -11"><span class='ocrx_word' id='word_1_61' title='bbox 243 672 338 700; x_wconf 87' lang='lat' dir='ltr'>cum</span> <span class='ocrx_word' id='word_1_62' title='bbox 359 661 524 699; x_wconf 89' lang='lat' dir='ltr'>rectore</span> <span class='ocrx_word' id='word_1_63' title='bbox 545 657 585 698; x_wconf 91' lang='lat' dir='ltr'>d.</span> <span class='ocrx_word' id='word_1_64' title='bbox 610 657 816 698; x_wconf 88' lang='lat' dir='ltr'>ecclesiae</span> <span class='ocrx_word' id='word_1_65' title='bbox 837 670 863 698; x_wconf 89' lang='lat' dir='ltr'>a</span> <span class='ocrx_word' id='word_1_66' title='bbox 882 658 1052 698; x_wconf 77' lang='lat' dir='ltr'>rusticis</span> <span class='ocrx_word' id='word_1_67' title='bbox 1073 658 1169 710; x_wconf 83' lang='lat' dir='ltr'>pagi</span> <span class='ocrx_word' id='word_1_68' title='bbox 1191 656 1393 709; x_wconf 81' lang='lat' dir='ltr'>decimas,</span> <span class='ocrx_word' id='word_1_69' title='bbox 1417 669 1525 710; x_wconf 92' lang='lat' dir='ltr'>quae</span> <span class='ocrx_word' id='word_1_70' title='bbox 1547 655 1601 697; x_wconf 87' lang='lat' dir='ltr'>ad</span> <span class='ocrx_word' id='word_1_71' title='bbox 1620 657 1700 698; x_wconf 93' lang='grc'>200</span> <span class='ocrx_word' id='word_1_72' title='bbox 1730 657 1826 697; x_wconf 84' lang='grc' dir='ltr'><strong>(1υο.</strong></span> 
     </span>
     <span class='ocr_line' id='line_1_8' title="bbox 240 726 1830 781; baseline -0.002 -10"><span class='ocrx_word' id='word_1_73' title='bbox 240 730 333 771; x_wconf 87' lang='lat' dir='ltr'>auri</span> <span class='ocrx_word' id='word_1_74' title='bbox 356 728 407 771; x_wconf 90' lang='lat' dir='ltr'>de</span> <span class='ocrx_word' id='word_1_75' title='bbox 428 741 597 769; x_wconf 86' lang='lat' dir='ltr'>camera</span> <span class='ocrx_word' id='word_1_76' title='bbox 631 728 866 769; x_wconf 84' lang='lat' dir='ltr'>ascendunt</span> <span class='ocrx_word' id='word_1_77' title='bbox 896 728 1158 781; x_wconf 85' lang='lat' dir='ltr'>percipiendi</span> <span class='ocrx_word' id='word_1_78' title='bbox 1179 727 1220 769; x_wconf 87' lang='lat' dir='ltr'>d.</span> <span class='ocrx_word' id='word_1_79' title='bbox 1246 727 1420 780; x_wconf 84' lang='lat' dir='ltr'>collegio</span> <span class='ocrx_word' id='word_1_80' title='bbox 1442 726 1722 781; x_wconf 76' lang='lat' dir='ltr'>competebat,</span> <span class='ocrx_word' id='word_1_81' title='bbox 1745 727 1830 768; x_wconf 89' lang='lat' dir='ltr'>liti-</span> 
     </span>
    </p>
   </div>
   <div class='ocr_carea' id='block_1_3' title="bbox 242 798 1827 910">
    <p class='ocr_par' dir='ltr' id='par_1_3' title="bbox 242 798 1827 910">
     <span class='ocr_line' id='line_1_9' title="bbox 248 798 1827 852; baseline -0.002 -10"><span class='ocrx_word' id='word_1_82' title='bbox 248 801 325 842; x_wconf 85' lang='lat' dir='ltr'>bus</span> <span class='ocrx_word' id='word_1_83' title='bbox 346 801 458 842; x_wconf 90' lang='lat' dir='ltr'>inter</span> <span class='ocrx_word' id='word_1_84' title='bbox 477 804 683 841; x_wconf 87' lang='lat' dir='ltr'>rectorem</span> <span class='ocrx_word' id='word_1_85' title='bbox 704 803 746 841; x_wconf 90' lang='lat' dir='ltr'>et</span> <span class='ocrx_word' id='word_1_86' title='bbox 765 799 945 840; x_wconf 85' lang='lat' dir='ltr'>rusticos</span> <span class='ocrx_word' id='word_1_87' title='bbox 975 812 1050 852; x_wconf 88' lang='lat' dir='ltr'>per</span> <span class='ocrx_word' id='word_1_88' title='bbox 1070 799 1212 852; x_wconf 86' lang='lat' dir='ltr'>plures</span> <span class='ocrx_word' id='word_1_89' title='bbox 1232 812 1364 841; x_wconf 89' lang='lat' dir='ltr'>annos</span> <span class='ocrx_word' id='word_1_90' title='bbox 1385 799 1527 852; x_wconf 86' lang='lat' dir='ltr'>gestis.</span> <span class='ocrx_word' id='word_1_91' title='bbox 1553 799 1625 840; x_wconf 89' lang='lat' dir='ltr'>Fr.</span> <span class='ocrx_word' id='word_1_92' title='bbox 1648 800 1703 840; x_wconf 90' lang='grc'>24</span> <span class='ocrx_word' id='word_1_93' title='bbox 1732 798 1827 839; x_wconf 88' lang='lat' dir='ltr'>duc.</span> 
     </span>
     <span class='ocr_line' id='line_1_10' title="bbox 242 865 1050 910; baseline -0.007 -7"><span class='ocrx_word' id='word_1_94' title='bbox 242 868 285 903; x_wconf 86' lang='lat' dir='ltr'>R.</span> <span class='ocrx_word' id='word_1_95' title='bbox 304 878 362 910; x_wconf 86' lang='lat' dir='ltr'>ap.</span> <span class='ocrx_word' id='word_1_96' title='bbox 384 867 418 901; x_wconf 88' lang='lat' dir='ltr'>S.</span> <span class='ocrx_word' id='word_1_97' title='bbox 440 866 480 900; x_wconf 87' lang='lat' dir='ltr'>P.</span> <span class='ocrx_word' id='word_1_98' title='bbox 501 866 535 900; x_wconf 83' lang='lat' dir='ltr'>X</span> <span class='ocrx_word' id='word_1_99' title='bbox 553 866 627 900; x_wconf 86' lang='lat' dir='ltr'>kal.</span> <span class='ocrx_word' id='word_1_100' title='bbox 648 866 722 900; x_wconf 88' lang='lat' dir='ltr'>Ian.</span> <span class='ocrx_word' id='word_1_101' title='bbox 747 867 829 901; x_wconf 89' lang='grc'><strong>1608</strong></span> <span class='ocrx_word' id='word_1_102' title='bbox 848 865 889 899; x_wconf 95' lang='grc' dir='ltr'>Ρ.</span> <span class='ocrx_word' id='word_1_103' title='bbox 910 877 968 899; x_wconf 86' lang='lat' dir='ltr'>an.</span> <span class='ocrx_word' id='word_1_104' title='bbox 989 866 1050 900; x_wconf 90' lang='lat' dir='ltr'>IV.</span> 
     </span>
    </p>
   </div>
   <div class='ocr_carea' id='block_1_4' title="bbox 1473 956 1831 1001">
    <p class='ocr_par' dir='ltr' id='par_1_4' title="bbox 1473 956 1831 1001">
     <span class='ocr_line' id='line_1_11' title="bbox 1473 956 1831 1001; baseline -0.011 -9"><span class='ocrx_word' id='word_1_105' title='bbox 1473 958 1560 1001; x_wconf 76' lang='lat' dir='ltr'>Rey.</span> <span class='ocrx_word' id='word_1_106' title='bbox 1583 959 1669 990; x_wconf 80' lang='lat' dir='ltr'>bull.</span> <span class='ocrx_word' id='word_1_107' title='bbox 1691 956 1759 992; x_wconf 90' lang='lat' dir='ltr'>IV.</span> <span class='ocrx_word' id='word_1_108' title='bbox 1777 959 1831 992; x_wconf 80' lang='lat'>91.</span> 
     </span>
    </p>
   </div>
   <div class='ocr_carea' id='block_1_5' title="bbox 242 1063 1833 1479">
    <p class='ocr_par' dir='ltr' id='par_1_5' title="bbox 242 1063 1833 1479">
     <span class='ocr_line' id='line_1_12' title="bbox 324 1063 1832 1124; baseline -0.006 -10"><span class='ocrx_word' id='word_1_109' title='bbox 324 1072 395 1115; x_wconf 68' lang='lat'>74.</span> <span class='ocrx_word' id='word_1_110' title='bbox 420 1070 770 1113; x_wconf 72' lang='lat' dir='ltr'>Considerames</span> <span class='ocrx_word' id='word_1_111' title='bbox 790 1071 1042 1124; x_wconf 68' lang='lat' dir='ltr'>Relcyz&#39;osos</span> <span class='ocrx_word' id='word_1_112' title='bbox 1063 1073 1105 1111; x_wconf 88' lang='lat' dir='ltr'>S.</span> <span class='ocrx_word' id='word_1_113' title='bbox 1129 1073 1162 1110; x_wconf 93' lang='lat' dir='ltr'>I.</span> <span class='ocrx_word' id='word_1_114' title='bbox 1182 1091 1207 1097; x_wconf 93' lang='lat'>-</span> <span class='ocrx_word' id='word_1_115' title='bbox 1224 1065 1343 1108; x_wconf 85' lang='lat' dir='ltr'>Paul.</span> <span class='ocrx_word' id='word_1_116' title='bbox 1365 1065 1417 1118; x_wconf 92' lang='lat' dir='ltr'>V,</span> <span class='ocrx_word' id='word_1_117' title='bbox 1432 1069 1603 1119; x_wconf 85' lang='lat' dir='ltr'>petente</span> <span class='ocrx_word' id='word_1_118' title='bbox 1615 1063 1677 1106; x_wconf 89' lang='lat' dir='ltr'>Cl.</span> <span class='ocrx_word' id='word_1_119' title='bbox 1691 1064 1832 1118; x_wconf 85' lang='lat' dir='ltr'>Aqua-</span> 
     </span>
     <span class='ocr_line' id='line_1_13' title="bbox 243 1135 1833 1183; baseline -0.004 -1"><span class='ocrx_word' id='word_1_120' title='bbox 243 1142 339 1183; x_wconf 83' lang='lat' dir='ltr'>viva</span> <span class='ocrx_word' id='word_1_121' title='bbox 358 1140 425 1182; x_wconf 88' lang='lat' dir='ltr'>Pr.</span> <span class='ocrx_word' id='word_1_122' title='bbox 451 1139 556 1181; x_wconf 87' lang='lat' dir='ltr'>Gen.</span> <span class='ocrx_word' id='word_1_123' title='bbox 581 1138 622 1181; x_wconf 90' lang='lat' dir='ltr'>S.</span> <span class='ocrx_word' id='word_1_124' title='bbox 641 1138 676 1181; x_wconf 92' lang='grc' dir='ltr'>Ι.</span> <span class='ocrx_word' id='word_1_125' title='bbox 701 1138 875 1180; x_wconf 86' lang='lat' dir='ltr'>mandat</span> <span class='ocrx_word' id='word_1_126' title='bbox 892 1138 1062 1180; x_wconf 90' lang='lat' dir='ltr'>officiali</span> <span class='ocrx_word' id='word_1_127' title='bbox 1082 1137 1348 1179; x_wconf 87' lang='lat' dir='ltr'>Ebredonen.</span> <span class='ocrx_word' id='word_1_128' title='bbox 1373 1142 1421 1178; x_wconf 87' lang='lat' dir='ltr'>ut</span> <span class='ocrx_word' id='word_1_129' title='bbox 1441 1151 1536 1178; x_wconf 90' lang='lat' dir='ltr'>cum</span> <span class='ocrx_word' id='word_1_130' title='bbox 1557 1136 1652 1178; x_wconf 89' lang='lat' dir='ltr'>coll.</span> <span class='ocrx_word' id='word_1_131' title='bbox 1673 1135 1715 1178; x_wconf 90' lang='lat' dir='ltr'>S.</span> <span class='ocrx_word' id='word_1_132' title='bbox 1734 1135 1769 1177; x_wconf 94' lang='grc' dir='ltr'>Ι.</span> <span class='ocrx_word' id='word_1_133' title='bbox 1789 1136 1833 1176; x_wconf 91' lang='lat' dir='ltr'>in</span> 
     </span>
     <span class='ocr_line' id='line_1_14' title="bbox 242 1208 1833 1262; baseline -0.004 -8"><span class='ocrx_word' id='word_1_134' title='bbox 242 1213 283 1254; x_wconf 91' lang='lat' dir='ltr'>d.</span> <span class='ocrx_word' id='word_1_135' title='bbox 307 1212 479 1254; x_wconf 85' lang='lat' dir='ltr'>civitate</span> <span class='ocrx_word' id='word_1_136' title='bbox 500 1225 553 1253; x_wconf 79' lang='lat' dir='ltr'>ex</span> <span class='ocrx_word' id='word_1_137' title='bbox 573 1210 741 1252; x_wconf 90' lang='lat' dir='ltr'>decreto</span> <span class='ocrx_word' id='word_1_138' title='bbox 764 1210 936 1252; x_wconf 89' lang='lat' dir='ltr'>Henrici</span> <span class='ocrx_word' id='word_1_139' title='bbox 970 1209 1120 1251; x_wconf 86' lang='lat' dir='ltr'>Franc.</span> <span class='ocrx_word' id='word_1_140' title='bbox 1146 1210 1255 1262; x_wconf 86' lang='lat' dir='ltr'>regis</span> <span class='ocrx_word' id='word_1_141' title='bbox 1291 1209 1436 1250; x_wconf 78' lang='lat' dir='ltr'>christ.</span> <span class='ocrx_word' id='word_1_142' title='bbox 1460 1212 1607 1249; x_wconf 87' lang='lat' dir='ltr'>contra</span> <span class='ocrx_word' id='word_1_143' title='bbox 1637 1208 1833 1249; x_wconf 85' lang='lat' dir='ltr'>haeresin</span> 
     </span>
     <span class='ocr_line' id='line_1_15' title="bbox 242 1278 1830 1335; baseline -0.004 -9"><span class='ocrx_word' id='word_1_144' title='bbox 242 1288 383 1326; x_wconf 86' lang='lat' dir='ltr'>erecto</span> <span class='ocrx_word' id='word_1_145' title='bbox 412 1283 533 1324; x_wconf 89' lang='lat' dir='ltr'>uniat</span> <span class='ocrx_word' id='word_1_146' title='bbox 566 1283 799 1335; x_wconf 87' lang='lat' dir='ltr'>prioratum</span> <span class='ocrx_word' id='word_1_147' title='bbox 821 1282 869 1323; x_wconf 91' lang='lat' dir='ltr'>B.</span> <span class='ocrx_word' id='word_1_148' title='bbox 894 1280 951 1322; x_wconf 91' lang='lat' dir='ltr'>M.</span> <span class='ocrx_word' id='word_1_149' title='bbox 977 1281 1028 1322; x_wconf 92' lang='lat' dir='ltr'>de</span> <span class='ocrx_word' id='word_1_150' title='bbox 1051 1281 1159 1322; x_wconf 90' lang='lat' dir='ltr'>Pinu</span> <span class='ocrx_word' id='word_1_151' title='bbox 1180 1280 1229 1322; x_wconf 91' lang='lat' dir='ltr'>O.</span> <span class='ocrx_word' id='word_1_152' title='bbox 1255 1279 1295 1323; x_wconf 91' lang='lat' dir='ltr'>S.</span> <span class='ocrx_word' id='word_1_153' title='bbox 1321 1279 1568 1332; x_wconf 80' lang='lat' dir='ltr'>Hieronymi</span> <span class='ocrx_word' id='word_1_154' title='bbox 1597 1278 1830 1333; x_wconf 91' lang='lat' dir='ltr'>Vapincen.</span> 
     </span>
     <span class='ocr_line' id='line_1_16' title="bbox 242 1350 1833 1407; baseline -0.004 -10"><span class='ocrx_word' id='word_1_155' title='bbox 242 1355 377 1397; x_wconf 87' lang='lat' dir='ltr'>dioec.</span> <span class='ocrx_word' id='word_1_156' title='bbox 401 1354 455 1396; x_wconf 83' lang='lat' dir='ltr'>ab</span> <span class='ocrx_word' id='word_1_157' title='bbox 475 1353 622 1407; x_wconf 83' lang='lat' dir='ltr'>Ugone</span> <span class='ocrx_word' id='word_1_158' title='bbox 656 1352 814 1394; x_wconf 91' lang='lat' dir='ltr'>Iuvene</span> <span class='ocrx_word' id='word_1_159' title='bbox 838 1366 972 1406; x_wconf 82' lang='lat' dir='ltr'>nuper</span> <span class='ocrx_word' id='word_1_160' title='bbox 1006 1352 1151 1394; x_wconf 88' lang='lat' dir='ltr'>Priore</span> <span class='ocrx_word' id='word_1_161' title='bbox 1171 1353 1244 1406; x_wconf 92' lang='lat' dir='ltr'>qui</span> <span class='ocrx_word' id='word_1_162' title='bbox 1265 1351 1386 1393; x_wconf 89' lang='lat' dir='ltr'>illum</span> <span class='ocrx_word' id='word_1_163' title='bbox 1407 1365 1433 1392; x_wconf 90' lang='lat' dir='ltr'>a</span> <span class='ocrx_word' id='word_1_164' title='bbox 1452 1353 1504 1393; x_wconf 90' lang='grc'>20</span> <span class='ocrx_word' id='word_1_165' title='bbox 1527 1351 1648 1392; x_wconf 84' lang='lat' dir='ltr'>annis</span> <span class='ocrx_word' id='word_1_166' title='bbox 1669 1350 1833 1392; x_wconf 91' lang='lat' dir='ltr'>obtine-</span> 
     </span>
     <span class='ocr_line' id='line_1_17' title="bbox 244 1421 1832 1479; baseline -0.003 -11"><span class='ocrx_word' id='word_1_167' title='bbox 244 1426 317 1468; x_wconf 88' lang='lat' dir='ltr'>bat</span> <span class='ocrx_word' id='word_1_168' title='bbox 349 1427 623 1479; x_wconf 84' lang='lat' dir='ltr'>resignatum,</span> <span class='ocrx_word' id='word_1_169' title='bbox 662 1425 706 1466; x_wconf 91' lang='lat' dir='ltr'>in</span> <span class='ocrx_word' id='word_1_170' title='bbox 741 1438 822 1479; x_wconf 90' lang='lat' dir='ltr'>quo</span> <span class='ocrx_word' id='word_1_171' title='bbox 858 1438 967 1465; x_wconf 89' lang='lat' dir='ltr'>unus</span> <span class='ocrx_word' id='word_1_172' title='bbox 1002 1423 1220 1477; x_wconf 86' lang='lat' dir='ltr'>religiosus</span> <span class='ocrx_word' id='word_1_173' title='bbox 1250 1423 1291 1464; x_wconf 88' lang='lat' dir='ltr'>d.</span> <span class='ocrx_word' id='word_1_174' title='bbox 1316 1422 1416 1464; x_wconf 89' lang='lat' dir='ltr'>Ord.</span> <span class='ocrx_word' id='word_1_175' title='bbox 1440 1422 1597 1464; x_wconf 89' lang='lat' dir='ltr'>residet</span> <span class='ocrx_word' id='word_1_176' title='bbox 1618 1438 1626 1474; x_wconf 92' lang='grc'>;</span> <span class='ocrx_word' id='word_1_177' title='bbox 1651 1422 1759 1464; x_wconf 89' lang='lat' dir='ltr'>bona</span> <span class='ocrx_word' id='word_1_178' title='bbox 1780 1421 1832 1463; x_wconf 87' lang='lat' dir='ltr'>ab</span> 
     </span>
    </p>
   </div>
   <div class='ocr_carea' id='block_1_6' title="bbox 240 1493 1598 1608">
    <p class='ocr_par' dir='ltr' id='par_1_6' title="bbox 240 1493 1598 1608">
     <span class='ocr_line' id='line_1_18' title="bbox 242 1493 1598 1550; baseline -0.003 -11"><span class='ocrx_word' id='word_1_179' title='bbox 242 1498 468 1539; x_wconf 87' lang='lat' dir='ltr'>haereticis</span> <span class='ocrx_word' id='word_1_180' title='bbox 490 1501 532 1538; x_wconf 91' lang='lat' dir='ltr'>et</span> <span class='ocrx_word' id='word_1_181' title='bbox 551 1496 672 1538; x_wconf 88' lang='lat' dir='ltr'>laicis</span> <span class='ocrx_word' id='word_1_182' title='bbox 694 1500 916 1550; x_wconf 88' lang='lat' dir='ltr'>occupata,</span> <span class='ocrx_word' id='word_1_183' title='bbox 940 1494 1136 1537; x_wconf 86' lang='lat' dir='ltr'>aedificia</span> <span class='ocrx_word' id='word_1_184' title='bbox 1156 1495 1313 1536; x_wconf 87' lang='lat' dir='ltr'>diruta.</span> <span class='ocrx_word' id='word_1_185' title='bbox 1336 1493 1406 1536; x_wconf 91' lang='lat' dir='ltr'>Fr.</span> <span class='ocrx_word' id='word_1_186' title='bbox 1431 1496 1484 1536; x_wconf 89' lang='grc'>24</span> <span class='ocrx_word' id='word_1_187' title='bbox 1505 1493 1598 1535; x_wconf 90' lang='lat' dir='ltr'>duc.</span> 
     </span>
     <span class='ocr_line' id='line_1_19' title="bbox 240 1562 1097 1608; baseline -0.008 -8"><span class='ocrx_word' id='word_1_188' title='bbox 240 1565 283 1600; x_wconf 81' lang='lat' dir='ltr'>R.</span> <span class='ocrx_word' id='word_1_189' title='bbox 303 1576 361 1608; x_wconf 84' lang='lat' dir='ltr'>ap.</span> <span class='ocrx_word' id='word_1_190' title='bbox 382 1564 418 1599; x_wconf 88' lang='lat' dir='ltr'>S.</span> <span class='ocrx_word' id='word_1_191' title='bbox 440 1564 480 1597; x_wconf 88' lang='grc' dir='ltr'>Ρ.</span> <span class='ocrx_word' id='word_1_192' title='bbox 500 1563 551 1599; x_wconf 82' lang='lat' dir='ltr'>In</span> <span class='ocrx_word' id='word_1_193' title='bbox 569 1574 653 1598; x_wconf 89' lang='lat' dir='ltr'>non.</span> <span class='ocrx_word' id='word_1_194' title='bbox 672 1563 748 1598; x_wconf 85' lang='lat' dir='ltr'>Ian.</span> <span class='ocrx_word' id='word_1_195' title='bbox 772 1564 856 1598; x_wconf 86' lang='lat'>1608</span> <span class='ocrx_word' id='word_1_196' title='bbox 874 1562 912 1596; x_wconf 90' lang='grc' dir='ltr'>Ρ.</span> <span class='ocrx_word' id='word_1_197' title='bbox 933 1573 993 1596; x_wconf 82' lang='lat' dir='ltr'>an.</span> <span class='ocrx_word' id='word_1_198' title='bbox 1013 1562 1075 1597; x_wconf 91' lang='lat' dir='ltr'>IV.</span> <span class='ocrx_word' id='word_1_199' title='bbox 1094 1571 1097 1575; x_wconf 58' lang='lat'><strong>⁴</strong></span> 
     </span>
    </p>
   </div>
   <div class='ocr_carea' id='block_1_7' title="bbox 1428 1654 1834 1697">
    <p class='ocr_par' dir='ltr' id='par_1_7' title="bbox 1428 1654 1834 1697">
     <span class='ocr_line' id='line_1_20' title="bbox 1428 1654 1834 1697; baseline -0.005 -8"><span class='ocrx_word' id='word_1_200' title='bbox 1428 1655 1513 1697; x_wconf 69' lang='lat' dir='ltr'>Ray.</span> <span class='ocrx_word' id='word_1_201' title='bbox 1533 1654 1622 1689; x_wconf 72' lang='lat' dir='ltr'>buu.</span> <span class='ocrx_word' id='word_1_202' title='bbox 1641 1654 1703 1689; x_wconf 87' lang='lat' dir='ltr'>IV.</span> <span class='ocrx_word' id='word_1_203' title='bbox 1724 1656 1776 1689; x_wconf 83' lang='lat'>92.</span> <span class='ocrx_word' id='word_1_204' title='bbox 1800 1654 1834 1687; x_wconf 84' lang='lat' dir='ltr'>b.</span> 
     </span>
    </p>
   </div>
   <div class='ocr_carea' id='block_1_8' title="bbox 247 1761 1839 2175">
    <p class='ocr_par' dir='ltr' id='par_1_8' title="bbox 247 1761 1839 2175">
     <span class='ocr_line' id='line_1_21' title="bbox 325 1761 1838 1824; baseline -0.008 -10"><span class='ocrx_word' id='word_1_205' title='bbox 325 1770 392 1814; x_wconf 81' lang='grc'>75.</span> <span class='ocrx_word' id='word_1_206' title='bbox 419 1774 472 1811; x_wconf 79' lang='lat' dir='ltr'>In</span> <span class='ocrx_word' id='word_1_207' title='bbox 493 1773 636 1824; x_wconf 68' lang='lat' dir='ltr'>apost.</span> <span class='ocrx_word' id='word_1_208' title='bbox 660 1768 904 1823; x_wconf 70' lang='lat' dir='ltr'>cz&#39;z&#39;ym&#39;tatz‘s</span> <span class='ocrx_word' id='word_1_209' title='bbox 925 1768 1136 1808; x_wconf 77' lang='lat' dir='ltr'>culmine.</span> <span class='ocrx_word' id='word_1_210' title='bbox 1156 1789 1181 1794; x_wconf 98' lang='lat'><em>-</em></span> <span class='ocrx_word' id='word_1_211' title='bbox 1202 1763 1322 1805; x_wconf 89' lang='lat' dir='ltr'>Paul.</span> <span class='ocrx_word' id='word_1_212' title='bbox 1347 1763 1401 1815; x_wconf 89' lang='lat' dir='ltr'>V,</span> <span class='ocrx_word' id='word_1_213' title='bbox 1423 1766 1595 1817; x_wconf 91' lang='lat' dir='ltr'>petente</span> <span class='ocrx_word' id='word_1_214' title='bbox 1617 1761 1679 1803; x_wconf 84' lang='lat' dir='ltr'>Ol.</span> <span class='ocrx_word' id='word_1_215' title='bbox 1700 1762 1838 1816; x_wconf 86' lang='lat' dir='ltr'>Aqua-</span> 
     </span>
     <span class='ocr_line' id='line_1_22' title="bbox 250 1832 1839 1889; baseline -0.004 -9"><span class='ocrx_word' id='word_1_216' title='bbox 250 1840 345 1881; x_wconf 85' lang='lat' dir='ltr'>viva</span> <span class='ocrx_word' id='word_1_217' title='bbox 364 1839 433 1881; x_wconf 90' lang='lat' dir='ltr'>Pr.</span> <span class='ocrx_word' id='word_1_218' title='bbox 458 1838 560 1879; x_wconf 88' lang='lat' dir='ltr'>Gen.</span> <span class='ocrx_word' id='word_1_219' title='bbox 587 1837 626 1878; x_wconf 90' lang='lat' dir='ltr'>S.</span> <span class='ocrx_word' id='word_1_220' title='bbox 651 1837 705 1889; x_wconf 93' lang='lat' dir='ltr'>I.,</span> <span class='ocrx_word' id='word_1_221' title='bbox 730 1836 897 1878; x_wconf 89' lang='lat' dir='ltr'>officiali</span> <span class='ocrx_word' id='word_1_222' title='bbox 919 1835 1165 1889; x_wconf 86' lang='lat' dir='ltr'>Lugdunen.</span> <span class='ocrx_word' id='word_1_223' title='bbox 1187 1834 1359 1876; x_wconf 87' lang='lat' dir='ltr'>mandat</span> <span class='ocrx_word' id='word_1_224' title='bbox 1379 1838 1428 1875; x_wconf 90' lang='lat' dir='ltr'>ut</span> <span class='ocrx_word' id='word_1_225' title='bbox 1448 1848 1544 1875; x_wconf 90' lang='lat' dir='ltr'>cum</span> <span class='ocrx_word' id='word_1_226' title='bbox 1566 1833 1661 1875; x_wconf 89' lang='lat' dir='ltr'>coll.</span> <span class='ocrx_word' id='word_1_227' title='bbox 1681 1832 1721 1874; x_wconf 93' lang='lat' dir='ltr'>S.</span> <span class='ocrx_word' id='word_1_228' title='bbox 1741 1832 1775 1874; x_wconf 94' lang='lat' dir='ltr'>I.</span> <span class='ocrx_word' id='word_1_229' title='bbox 1795 1833 1839 1873; x_wconf 89' lang='lat' dir='ltr'>in</span> 
     </span>
     <span class='ocr_line' id='line_1_23' title="bbox 248 1904 1836 1965; baseline -0.005 -12"><span class='ocrx_word' id='word_1_230' title='bbox 248 1925 346 1965; x_wconf 88' lang='lat' dir='ltr'>opp.</span> <span class='ocrx_word' id='word_1_231' title='bbox 369 1909 573 1952; x_wconf 86' lang='lat' dir='ltr'>Rouanne</span> <span class='ocrx_word' id='word_1_232' title='bbox 608 1908 833 1950; x_wconf 90' lang='lat' dir='ltr'>novissime</span> <span class='ocrx_word' id='word_1_233' title='bbox 868 1921 921 1948; x_wconf 82' lang='lat' dir='ltr'>ex</span> <span class='ocrx_word' id='word_1_234' title='bbox 955 1907 1120 1948; x_wconf 83' lang='lat' dir='ltr'>decreto</span> <span class='ocrx_word' id='word_1_235' title='bbox 1156 1906 1330 1948; x_wconf 88' lang='lat' dir='ltr'>Henrici</span> <span class='ocrx_word' id='word_1_236' title='bbox 1364 1905 1514 1947; x_wconf 86' lang='lat' dir='ltr'>Franc.</span> <span class='ocrx_word' id='word_1_237' title='bbox 1547 1906 1656 1959; x_wconf 86' lang='lat' dir='ltr'>regis</span> <span class='ocrx_word' id='word_1_238' title='bbox 1691 1904 1836 1946; x_wconf 87' lang='lat' dir='ltr'>christ.</span> 
     </span>
     <span class='ocr_line' id='line_1_24' title="bbox 250 1972 1837 2032; baseline -0.005 -8"><span class='ocrx_word' id='word_1_239' title='bbox 250 1983 450 2024; x_wconf 81' lang='lat' dir='ltr'>canonice</span> <span class='ocrx_word' id='word_1_240' title='bbox 472 1981 666 2022; x_wconf 84' lang='lat' dir='ltr'>instituto</span> <span class='ocrx_word' id='word_1_241' title='bbox 688 1980 808 2020; x_wconf 90' lang='lat' dir='ltr'>uniat</span> <span class='ocrx_word' id='word_1_242' title='bbox 841 1979 1074 2032; x_wconf 85' lang='lat' dir='ltr'>prioratum</span> <span class='ocrx_word' id='word_1_243' title='bbox 1106 1978 1148 2019; x_wconf 87' lang='lat' dir='ltr'>S.</span> <span class='ocrx_word' id='word_1_244' title='bbox 1173 1976 1347 2018; x_wconf 85' lang='lat' dir='ltr'>Martini</span> <span class='ocrx_word' id='word_1_245' title='bbox 1369 1976 1421 2018; x_wconf 89' lang='lat' dir='ltr'>de</span> <span class='ocrx_word' id='word_1_246' title='bbox 1441 1976 1622 2030; x_wconf 83' lang='lat' dir='ltr'>Riorgiis</span> <span class='ocrx_word' id='word_1_247' title='bbox 1644 1976 1695 2029; x_wconf 68' lang='lat'>(22)</span> <span class='ocrx_word' id='word_1_248' title='bbox 1722 1974 1769 2017; x_wconf 94' lang='grc' dir='ltr'>Ο.</span> <span class='ocrx_word' id='word_1_249' title='bbox 1795 1972 1837 2016; x_wconf 89' lang='lat' dir='ltr'>S.</span> 
     </span>
     <span class='ocr_line' id='line_1_25' title="bbox 251 2045 1836 2106; baseline -0.004 -11"><span class='ocrx_word' id='word_1_250' title='bbox 251 2053 356 2095; x_wconf 89' lang='lat' dir='ltr'>Ben.</span> <span class='ocrx_word' id='word_1_251' title='bbox 395 2052 527 2106; x_wconf 87' lang='lat' dir='ltr'>Lugd.</span> <span class='ocrx_word' id='word_1_252' title='bbox 566 2051 717 2103; x_wconf 90' lang='lat' dir='ltr'>dioec.,</span> <span class='ocrx_word' id='word_1_253' title='bbox 756 2064 857 2091; x_wconf 85' lang='lat' dir='ltr'>cura</span> <span class='ocrx_word' id='word_1_254' title='bbox 892 2053 935 2090; x_wconf 90' lang='lat' dir='ltr'>et</span> <span class='ocrx_word' id='word_1_255' title='bbox 971 2053 1178 2091; x_wconf 81' lang='lat' dir='ltr'>conventu</span> <span class='ocrx_word' id='word_1_256' title='bbox 1215 2052 1444 2099; x_wconf 87' lang='lat' dir='ltr'>carentem,</span> <span class='ocrx_word' id='word_1_257' title='bbox 1481 2061 1505 2089; x_wconf 86' lang='lat' dir='ltr'>a</span> <span class='ocrx_word' id='word_1_258' title='bbox 1539 2061 1651 2089; x_wconf 90' lang='lat' dir='ltr'>mon.</span> <span class='ocrx_word' id='word_1_259' title='bbox 1692 2048 1740 2089; x_wconf 90' lang='lat' dir='ltr'>B.</span> <span class='ocrx_word' id='word_1_260' title='bbox 1778 2045 1836 2088; x_wconf 91' lang='lat' dir='ltr'>M.</span> 
     </span>
     <span class='ocr_line' id='line_1_26' title="bbox 247 2117 1839 2175; baseline -0.004 -10"><span class='ocrx_word' id='word_1_261' title='bbox 247 2124 472 2165; x_wconf 88' lang='lat' dir='ltr'>Ahanaten</span> <span class='ocrx_word' id='word_1_262' title='bbox 493 2122 615 2175; x_wconf 85' lang='lat' dir='ltr'>vulgo</span> <span class='ocrx_word' id='word_1_263' title='bbox 651 2121 857 2174; x_wconf 88' lang='lat' dir='ltr'>Daysnois</span> <span class='ocrx_word' id='word_1_264' title='bbox 891 2120 931 2161; x_wconf 91' lang='lat' dir='ltr'>d.</span> <span class='ocrx_word' id='word_1_265' title='bbox 957 2119 1056 2161; x_wconf 88' lang='lat' dir='ltr'>Ord.</span> <span class='ocrx_word' id='word_1_266' title='bbox 1080 2124 1124 2161; x_wconf 88' lang='lat' dir='ltr'>et</span> <span class='ocrx_word' id='word_1_267' title='bbox 1152 2118 1287 2161; x_wconf 90' lang='lat' dir='ltr'>dioec.</span> <span class='ocrx_word' id='word_1_268' title='bbox 1311 2118 1635 2172; x_wconf 88' lang='lat' dir='ltr'>dependentem,</span> <span class='ocrx_word' id='word_1_269' title='bbox 1659 2117 1711 2159; x_wconf 91' lang='lat' dir='ltr'>ab</span> <span class='ocrx_word' id='word_1_270' title='bbox 1743 2117 1839 2158; x_wconf 90' lang='lat' dir='ltr'>Ant.</span> 
     </span>
    </p>
   </div>
   <div class='ocr_carea' id='block_1_9' title="bbox 251 2190 1395 2304">
    <p class='ocr_par' dir='ltr' id='par_1_9' title="bbox 251 2190 1395 2304">
     <span class='ocr_line' id='line_1_27' title="bbox 253 2190 1395 2245; baseline -0.004 -9"><span class='ocrx_word' id='word_1_271' title='bbox 253 2195 418 2237; x_wconf 85' lang='lat' dir='ltr'>Parano</span> <span class='ocrx_word' id='word_1_272' title='bbox 440 2194 539 2236; x_wconf 85' lang='lat' dir='ltr'>cler.</span> <span class='ocrx_word' id='word_1_273' title='bbox 565 2193 603 2234; x_wconf 95' lang='lat' dir='ltr'>N</span> <span class='ocrx_word' id='word_1_274' title='bbox 607 2206 807 2235; x_wconf 86' lang='lat' dir='ltr'>emausen</span> <span class='ocrx_word' id='word_1_275' title='bbox 846 2192 1121 2245; x_wconf 85' lang='lat' dir='ltr'>resignatum.</span> <span class='ocrx_word' id='word_1_276' title='bbox 1146 2190 1214 2232; x_wconf 90' lang='lat' dir='ltr'>Fr.</span> <span class='ocrx_word' id='word_1_277' title='bbox 1239 2192 1293 2232; x_wconf 83' lang='lat'>24</span> <span class='ocrx_word' id='word_1_278' title='bbox 1314 2190 1395 2232; x_wconf 88' lang='lat' dir='ltr'>duc</span> 
     </span>
     <span class='ocr_line' id='line_1_28' title="bbox 251 2256 1055 2304; baseline -0.007 -8"><span class='ocrx_word' id='word_1_279' title='bbox 251 2261 294 2296; x_wconf 80' lang='lat' dir='ltr'>R.</span> <span class='ocrx_word' id='word_1_280' title='bbox 313 2272 371 2304; x_wconf 84' lang='lat' dir='ltr'>ap.</span> <span class='ocrx_word' id='word_1_281' title='bbox 391 2260 427 2295; x_wconf 87' lang='lat' dir='ltr'>S.</span> <span class='ocrx_word' id='word_1_282' title='bbox 449 2260 490 2294; x_wconf 86' lang='lat' dir='ltr'>P.</span> <span class='ocrx_word' id='word_1_283' title='bbox 510 2260 542 2294; x_wconf 89' lang='lat' dir='ltr'><strong>V</strong></span> <span class='ocrx_word' id='word_1_284' title='bbox 560 2259 607 2294; x_wconf 88' lang='lat' dir='ltr'>id.</span> <span class='ocrx_word' id='word_1_285' title='bbox 627 2260 703 2295; x_wconf 85' lang='lat' dir='ltr'>Ian.</span> <span class='ocrx_word' id='word_1_286' title='bbox 725 2260 810 2293; x_wconf 89' lang='grc'><strong>1608</strong></span> <span class='ocrx_word' id='word_1_287' title='bbox 829 2258 871 2293; x_wconf 92' lang='grc' dir='ltr'>Ρ.</span> <span class='ocrx_word' id='word_1_288' title='bbox 891 2269 950 2291; x_wconf 89' lang='lat' dir='ltr'>an.</span> <span class='ocrx_word' id='word_1_289' title='bbox 972 2256 1055 2291; x_wconf 90' lang='lat' dir='ltr'>1V.·</span> 
     </span>
    </p>
   </div>
   <div class='ocr_carea' id='block_1_10' title="bbox 1429 2346 1842 2392">
    <p class='ocr_par' dir='ltr' id='par_1_10' title="bbox 1429 2346 1842 2392">
     <span class='ocr_line' id='line_1_29' title="bbox 1429 2346 1842 2392; baseline -0.015 -8"><span class='ocrx_word' id='word_1_290' title='bbox 1429 2349 1515 2392; x_wconf 68' lang='lat' dir='ltr'>Req.</span> <span class='ocrx_word' id='word_1_291' title='bbox 1538 2347 1626 2382; x_wconf 79' lang='lat' dir='ltr'>bull.</span> <span class='ocrx_word' id='word_1_292' title='bbox 1645 2347 1712 2382; x_wconf 88' lang='lat' dir='ltr'>IV.</span> <span class='ocrx_word' id='word_1_293' title='bbox 1733 2349 1790 2382; x_wconf 87' lang='grc'><strong>89.</strong></span> <span class='ocrx_word' id='word_1_294' title='bbox 1808 2346 1842 2380; x_wconf 90' lang='grc'>1).</span> 
     </span>
    </p>
   </div>
   <div class='ocr_carea' id='block_1_11' title="bbox 253 2456 1849 2867">
    <p class='ocr_par' dir='ltr' id='par_1_11' title="bbox 253 2456 1849 2867">
     <span class='ocr_line' id='line_1_30' title="bbox 338 2456 1846 2514; baseline -0.007 -8"><span class='ocrx_word' id='word_1_295' title='bbox 338 2462 407 2506; x_wconf 92' lang='grc'>76.</span> <span class='ocrx_word' id='word_1_296' title='bbox 445 2460 496 2502; x_wconf 90' lang='lat' dir='ltr'>A.</span> <span class='ocrx_word' id='word_1_297' title='bbox 521 2460 568 2502; x_wconf 90' lang='lat' dir='ltr'>P.</span> <span class='ocrx_word' id='word_1_298' title='bbox 592 2459 641 2501; x_wconf 82' lang='lat' dir='ltr'>R.</span> <span class='ocrx_word' id='word_1_299' title='bbox 668 2458 726 2500; x_wconf 92' lang='lat' dir='ltr'>M.</span> <span class='ocrx_word' id='word_1_300' title='bbox 754 2466 862 2504; x_wconf 78' lang='lat' dir='ltr'>Cum</span> <span class='ocrx_word' id='word_1_301' title='bbox 895 2463 1012 2502; x_wconf 70' lang='lat' dir='ltr'>sicut</span> <span class='ocrx_word' id='word_1_302' title='bbox 1042 2466 1313 2514; x_wconf 62' lang='lat' dir='ltr'>accepimus.</span> <span class='ocrx_word' id='word_1_303' title='bbox 1339 2481 1365 2488; x_wconf 94' lang='lat'>—</span> <span class='ocrx_word' id='word_1_304' title='bbox 1381 2456 1501 2498; x_wconf 88' lang='lat' dir='ltr'>Paul.</span> <span class='ocrx_word' id='word_1_305' title='bbox 1525 2456 1562 2498; x_wconf 93' lang='lat' dir='ltr'>V</span> <span class='ocrx_word' id='word_1_306' title='bbox 1578 2456 1846 2510; x_wconf 86' lang='lat' dir='ltr'>privilegium</span> 
     </span>
     <span class='ocr_line' id='line_1_31' title="bbox 253 2527 1846 2585; baseline -0.004 -11"><span class='ocrx_word' id='word_1_307' title='bbox 253 2532 402 2574; x_wconf 87' lang='lat' dir='ltr'>altaris</span> <span class='ocrx_word' id='word_1_308' title='bbox 423 2531 676 2585; x_wconf 84' lang='lat' dir='ltr'>privilegiati</span> <span class='ocrx_word' id='word_1_309' title='bbox 697 2544 722 2571; x_wconf 90' lang='lat' dir='ltr'>a</span> <span class='ocrx_word' id='word_1_310' title='bbox 743 2529 866 2582; x_wconf 85' lang='lat' dir='ltr'>Greg.</span> <span class='ocrx_word' id='word_1_311' title='bbox 890 2528 996 2570; x_wconf 89' lang='lat' dir='ltr'>XIII</span> <span class='ocrx_word' id='word_1_312' title='bbox 1034 2530 1082 2569; x_wconf 89' lang='grc'>16</span> <span class='ocrx_word' id='word_1_313' title='bbox 1119 2528 1204 2570; x_wconf 88' lang='lat' dir='ltr'>kal.</span> <span class='ocrx_word' id='word_1_314' title='bbox 1229 2528 1329 2582; x_wconf 92' lang='lat' dir='ltr'>Apr.</span> <span class='ocrx_word' id='word_1_315' title='bbox 1356 2528 1401 2570; x_wconf 91' lang='lat' dir='ltr'>P.</span> <span class='ocrx_word' id='word_1_316' title='bbox 1428 2542 1496 2569; x_wconf 88' lang='lat' dir='ltr'>an.</span> <span class='ocrx_word' id='word_1_317' title='bbox 1522 2527 1582 2569; x_wconf 90' lang='lat' dir='ltr'>XI</span> <span class='ocrx_word' id='word_1_318' title='bbox 1603 2541 1846 2569; x_wconf 89' lang='lat' dir='ltr'>concessum</span> 
     </span>
     <span class='ocr_line' id='line_1_32' title="bbox 257 2598 1843 2653; baseline -0.003 -9"><span class='ocrx_word' id='word_1_319' title='bbox 257 2602 465 2644; x_wconf 88' lang='lat' dir='ltr'>ecclesiae</span> <span class='ocrx_word' id='word_1_320' title='bbox 501 2601 769 2644; x_wconf 78' lang='lat' dir='ltr'>Visitationis</span> <span class='ocrx_word' id='word_1_321' title='bbox 819 2601 867 2642; x_wconf 90' lang='lat' dir='ltr'>B.</span> <span class='ocrx_word' id='word_1_322' title='bbox 905 2599 963 2640; x_wconf 91' lang='lat' dir='ltr'>M.</span> <span class='ocrx_word' id='word_1_323' title='bbox 1002 2600 1175 2653; x_wconf 83' lang='lat' dir='ltr'>insignis</span> <span class='ocrx_word' id='word_1_324' title='bbox 1211 2599 1354 2653; x_wconf 89' lang='lat' dir='ltr'>oppidi</span> <span class='ocrx_word' id='word_1_325' title='bbox 1384 2599 1583 2640; x_wconf 87' lang='lat' dir='ltr'>Halensis</span> <span class='ocrx_word' id='word_1_326' title='bbox 1626 2598 1843 2640; x_wconf 80' lang='lat' dir='ltr'>Brixinen.</span> 
     </span>
     <span class='ocr_line' id='line_1_33' title="bbox 253 2670 1848 2727; baseline -0.004 -12"><span class='ocrx_word' id='word_1_327' title='bbox 253 2673 388 2715; x_wconf 87' lang='lat' dir='ltr'>dioec.</span> <span class='ocrx_word' id='word_1_328' title='bbox 412 2687 487 2727; x_wconf 88' lang='lat' dir='ltr'>per</span> <span class='ocrx_word' id='word_1_329' title='bbox 521 2672 816 2726; x_wconf 78' lang='lat' dir='ltr'>Magdalenam</span> <span class='ocrx_word' id='word_1_330' title='bbox 853 2670 1076 2712; x_wconf 85' lang='lat' dir='ltr'>Archiduc.</span> <span class='ocrx_word' id='word_1_331' title='bbox 1102 2672 1300 2713; x_wconf 84' lang='lat' dir='ltr'>Austriae</span> <span class='ocrx_word' id='word_1_332' title='bbox 1331 2685 1356 2712; x_wconf 89' lang='grc'><strong>3</strong></span> <span class='ocrx_word' id='word_1_333' title='bbox 1375 2670 1661 2712; x_wconf 87' lang='lat' dir='ltr'>fundamentis</span> <span class='ocrx_word' id='word_1_334' title='bbox 1683 2672 1848 2710; x_wconf 88' lang='lat' dir='ltr'>erectae</span> 
     </span>
     <span class='ocr_line' id='line_1_34' title="bbox 262 2739 1849 2797; baseline -0.004 -11"><span class='ocrx_word' id='word_1_335' title='bbox 262 2751 306 2787; x_wconf 88' lang='lat' dir='ltr'>et</span> <span class='ocrx_word' id='word_1_336' title='bbox 324 2745 422 2786; x_wconf 91' lang='grc'><strong>0011.</strong></span> <span class='ocrx_word' id='word_1_337' title='bbox 448 2746 490 2786; x_wconf 89' lang='lat' dir='ltr'>S.</span> <span class='ocrx_word' id='word_1_338' title='bbox 514 2744 549 2786; x_wconf 92' lang='lat' dir='ltr'>I.</span> <span class='ocrx_word' id='word_1_339' title='bbox 574 2746 618 2785; x_wconf 92' lang='lat' dir='ltr'>in</span> <span class='ocrx_word' id='word_1_340' title='bbox 654 2744 693 2785; x_wconf 92' lang='lat' dir='ltr'>d.</span> <span class='ocrx_word' id='word_1_341' title='bbox 719 2757 814 2797; x_wconf 89' lang='lat' dir='ltr'>opp.</span> <span class='ocrx_word' id='word_1_342' title='bbox 839 2743 1038 2784; x_wconf 87' lang='lat' dir='ltr'>canonice</span> <span class='ocrx_word' id='word_1_343' title='bbox 1074 2747 1214 2783; x_wconf 83' lang='lat' dir='ltr'>erecto</span> <span class='ocrx_word' id='word_1_344' title='bbox 1248 2742 1498 2796; x_wconf 87' lang='lat' dir='ltr'>adscriptae,</span> <span class='ocrx_word' id='word_1_345' title='bbox 1521 2741 1575 2783; x_wconf 89' lang='lat' dir='ltr'>ad</span> <span class='ocrx_word' id='word_1_346' title='bbox 1609 2740 1737 2781; x_wconf 88' lang='lat' dir='ltr'>aliam</span> <span class='ocrx_word' id='word_1_347' title='bbox 1772 2739 1849 2780; x_wconf 88' lang='lat' dir='ltr'>sub</span> 
     </span>
     <span class='ocr_line' id='line_1_35' title="bbox 261 2811 1849 2867; baseline -0.004 -9"><span class='ocrx_word' id='word_1_348' title='bbox 261 2817 396 2858; x_wconf 89' lang='lat' dir='ltr'>invoc.</span> <span class='ocrx_word' id='word_1_349' title='bbox 431 2830 542 2858; x_wconf 92' lang='lat' dir='ltr'>omn.</span> <span class='ocrx_word' id='word_1_350' title='bbox 567 2815 636 2858; x_wconf 91' lang='lat' dir='ltr'>SS.</span> <span class='ocrx_word' id='word_1_351' title='bbox 675 2816 841 2857; x_wconf 86' lang='lat' dir='ltr'>noviter</span> <span class='ocrx_word' id='word_1_352' title='bbox 874 2820 1058 2856; x_wconf 86' lang='lat' dir='ltr'>erectam</span> <span class='ocrx_word' id='word_1_353' title='bbox 1094 2818 1135 2856; x_wconf 87' lang='lat' dir='ltr'>et</span> <span class='ocrx_word' id='word_1_354' title='bbox 1169 2813 1222 2855; x_wconf 88' lang='lat' dir='ltr'>ad</span> <span class='ocrx_word' id='word_1_355' title='bbox 1257 2815 1392 2855; x_wconf 86' lang='lat' dir='ltr'>altare</span> <span class='ocrx_word' id='word_1_356' title='bbox 1430 2827 1507 2867; x_wconf 91' lang='lat' dir='ltr'>per</span> <span class='ocrx_word' id='word_1_357' title='bbox 1545 2811 1849 2854; x_wconf 89' lang='lat' dir='ltr'>Provincialem</span> 
     </span>
    </p>
   </div>
   <div class='ocr_carea' id='block_1_12' title="bbox 262 2885 1051 2997">
    <p class='ocr_par' dir='ltr' id='par_1_12' title="bbox 262 2885 1051 2997">
     <span class='ocr_line' id='line_1_36' title="bbox 262 2885 955 2941; baseline -0.004 -12"><span class='ocrx_word' id='word_1_358' title='bbox 262 2887 460 2929; x_wconf 88' lang='lat' dir='ltr'>Austriae</span> <span class='ocrx_word' id='word_1_359' title='bbox 481 2886 719 2941; x_wconf 87' lang='lat' dir='ltr'>eligendum</span> <span class='ocrx_word' id='word_1_360' title='bbox 741 2885 955 2927; x_wconf 88' lang='lat' dir='ltr'>transfert.</span> 
     </span>
     <span class='ocr_line' id='line_1_37' title="bbox 264 2951 1051 2997; baseline -0.008 -8"><span class='ocrx_word' id='word_1_361' title='bbox 264 2954 306 2989; x_wconf 81' lang='lat' dir='ltr'>R.</span> <span class='ocrx_word' id='word_1_362' title='bbox 327 2964 383 2997; x_wconf 81' lang='lat' dir='ltr'>ap.</span> <span class='ocrx_word' id='word_1_363' title='bbox 404 2953 440 2988; x_wconf 90' lang='lat' dir='ltr'>S.</span> <span class='ocrx_word' id='word_1_364' title='bbox 461 2953 502 2987; x_wconf 87' lang='grc' dir='ltr'>Ρ.</span> <span class='ocrx_word' id='word_1_365' title='bbox 524 2952 628 2988; x_wconf 88' lang='lat' dir='ltr'>XXV</span> <span class='ocrx_word' id='word_1_366' title='bbox 647 2952 724 2987; x_wconf 88' lang='lat' dir='ltr'>Ian.</span> <span class='ocrx_word' id='word_1_367' title='bbox 749 2954 832 2987; x_wconf 86' lang='lat'>1609</span> <span class='ocrx_word' id='word_1_368' title='bbox 852 2951 890 2985; x_wconf 89' lang='grc' dir='ltr'>Ρ.</span> <span class='ocrx_word' id='word_1_369' title='bbox 911 2962 970 2985; x_wconf 85' lang='lat' dir='ltr'>an.</span> <span class='ocrx_word' id='word_1_370' title='bbox 989 2951 1051 2986; x_wconf 88' lang='lat' dir='ltr'>IV.</span> 
     </span>
    </p>
   </div>
   <div class='ocr_carea' id='block_1_13' title="bbox 1498 3042 1850 3086">
    <p class='ocr_par' dir='ltr' id='par_1_13' title="bbox 1498 3042 1850 3086">
     <span class='ocr_line' id='line_1_38' title="bbox 1498 3042 1850 3086; baseline -0.009 -7"><span class='ocrx_word' id='word_1_371' title='bbox 1498 3044 1582 3086; x_wconf 75' lang='lat' dir='ltr'>Req.</span> <span class='ocrx_word' id='word_1_372' title='bbox 1604 3042 1691 3077; x_wconf 63' lang='lat' dir='ltr'>buil.</span> <span class='ocrx_word' id='word_1_373' title='bbox 1710 3042 1777 3077; x_wconf 84' lang='lat' dir='ltr'>IV.</span> <span class='ocrx_word' id='word_1_374' title='bbox 1797 3044 1850 3078; x_wconf 83' lang='lat'>87.</span> 
     </span>
    </p>
   </div>
  </div>
 </body>
</html>
