1989 3252
91 198 233 241 Pauli
251 197 304 240 V.
758 215 809 221 —
840 191 919 232 285
949 214 1004 219 —
1538 185 1662 228 1618.

93 283 134 324 S.
172 282 350 335 Sigirani
384 285 427 322 et
458 279 670 321 Francisci
706 278 890 330 episcopi
930 276 1239 328 Pctragoricen.
1278 274 1348 328 qui
1389 272 1439 314 de
1474 270 1666 312 Novaille

93 353 349 395 monasteria
368 353 412 393 in
432 350 721 392 commendam
743 348 934 390 obtinent

96 420 138 453 R.
157 431 214 462 ap.
236 419 270 452 S.
292 419 340 452 M.
360 419 409 452 M.
432 418 496 452 VII
512 417 560 450 id.
584 417 665 450 Dee.
691 417 769 448 1618
789 414 828 447 P.
848 425 906 447 an.
929 413 1022 447 XIV.

1358 503 1445 545 Ray.
1464 500 1552 535 bull.
1582 500 1618 534 V.
1638 504 1669 534 4.

182 622 280 665 219.
314 620 363 660 A.
402 618 448 659 Ρ.
487 616 537 659 R.
574 617 632 657 Μ.
675 620 863 660 Βῑίεοίοε
884 617 1020 669 lilios.
1053 638 1078 644 -
1119 612 1238 654 Paul.
1276 610 1312 651 V
1356 610 1409 652 ad
1442 609 1669 651 triennium

96 689 288 731 concedit
307 689 552 730 facultatem
574 685 794 728 ordinandi
815 689 936 726 extra
964 688 1170 736 tempora,
1192 682 1351 735 absque
1386 678 1672 721 dimissoriali-

96 761 190 813 bus,
209 760 401 801 alumnos
417 743 738 800 seminariorum
761 757 942 798 nationis
965 755 1218 808 hybernicae
1235 754 1278 793 in
1298 752 1433 804 regnis
1451 750 1672 804 Hispania-

98 847 191 873 rum
212 832 500 882 existentium,
525 829 575 870 de
596 830 766 870 licentia
785 827 1031 882 protectoris
1053 830 1095 867 et
1124 838 1325 866 consensu
1360 827 1569 864 rectorum
1603 820 1671 861 dd.

100 903 434 954 semfflariorum,
457 915 550 942 cum
572 901 651 941 hoc
671 904 814 941 tamen
836 904 882 940 ut
902 898 1063 938 indulto
1085 910 1208 950 parce
1238 901 1277 936 et
1315 907 1389 947 pro
1426 895 1477 934 iis
1511 896 1676 933 tantuin

100 974 173 1027 qui
194 974 237 1013 in
259 972 356 1012 Hib.
382 971 570 1025 partibus
592 971 774 1011 fructum
796 970 922 1010 laturi
944 973 1040 1009 sunt
1058 971 1230 1009 utantur
1250 966 1449 1018 episcopi.

100 1040 143 1074 R.
162 1050 219 1082 ap.
239 1040 274 1073 S.
294 1039 342 1073 M.
366 1039 411 1072 M.
432 1038 554 1072 XXIV
574 1038 646 1071 Ian.
672 1040 752 1072 1619
771 1037 811 1070 Ρ.
832 1047 890 1068 an.
913 1035 1008 1070 XIV.

1252 1127 1336 1167 Rey.
1358 1127 1442 1158 bun.
1466 1124 1532 1158 IV.
1551 1125 1626 1158 3:32.
1643 1123 1677 1156 b.

186 1243 291 1287 220.
326 1247 397 1284 Em
416 1245 617 1283 iniuncto
638 1242 778 1281 nobis.
804 1262 830 1267 -
850 1236 968 1278 Paul.
993 1235 1044 1288 V,
1068 1237 1207 1277 citatis
1238 1236 1321 1276 litt.
1349 1235 1466 1275 Pauli
1487 1231 1545 1284 II,
1571 1231 1679 1273 Cum

104 1315 152 1355 in
174 1315 384 1355 omnibus
403 1313 588 1354 iudiciis
612 1311 732 1359 1465,
755 1323 795 1349 v,
819 1308 874 1348 id.
900 1307 1019 1358 Maii,
1042 1307 1280 1361 petentibus
1308 1307 1436 1360 Gasp.
1461 1305 1512 1346 de
1545 1304 1680 1356 Vegas

103 1387 206 1424 rect.
231 1382 328 1423 coll.
361 1382 403 1423 S.
442 1381 651 1422 Ambrosii
688 1380 729 1421 S.
766 1379 801 1420 I.
839 1378 1128 1420 Vallisoletan.
1154 1384 1196 1419 et
1230 1378 1410 1419 Antonio
1437 1377 1486 1417 de
1521 1374 1682 1416 Balboa

105 1457 298 1493 senatore
317 1450 635 1502 Vallisoletano‚
659 1450 882 1491 committit
902 1451 1029 1502 priori
1065 1449 1167 1490 eccl.
1195 1448 1482 1490 Vallisoletan.
1520 1450 1561 1487 et
1596 1442 1681 1485 offi-

105 1522 201 1564 ciali
222 1522 263 1563 d.
287 1523 366 1563 civ,
391 1526 453 1574 ut,
473 1523 507 1562 si
529 1521 580 1562 de
598 1521 791 1562 evidente
808 1521 992 1562 utilitate
1009 1521 1257 1571 constiterit,
1277 1532 1447 1560 censum
1466 1531 1491 1558 a
1507 1516 1679 1558 Hieron.

105 1593 155 1634 de
194 1593 376 1634 Herrera
409 1593 669 1634 scholasticis
698 1593 740 1632 in
771 1592 811 1633 d.
850 1592 1021 1644 collegio
1057 1591 1218 1632 alendis
1262 1590 1456 1631 relictum
1494 1586 1681 1628 redditus

106 1665 235 1705 annui
256 1667 307 1705 50
330 1678 549 1715 annorum,
573 1664 645 1718 qui
666 1677 740 1716 per
763 1665 811 1704 15
833 1676 963 1704 annos
984 1664 1116 1716 repeti
1138 1676 1218 1703 non
1240 1662 1389 1715 potuit⁷
1413 1673 1538 1712 super
1565 1658 1684 1698 bonis

104 1736 331 1776 maioratus
366 1734 497 1776 Henr.
536 1733 787 1787 Hen1·iqueZ‚
825 1734 945 1775 cedat
980 1748 1052 1787 pro
1089 1733 1170 1774 alio
1205 1746 1231 1774 a
1264 1733 1304 1773 d.
1343 1732 1524 1772 Antonio
1559 1741 1684 1782 super

105 1805 225 1847 bonis
246 1805 393 1846 Didaci
416 1805 465 1846 de
487 1805 599 1846 Leon
621 1810 662 1845 et
684 1804 820 1857 Magd.
847 1805 897 1845 do
919 1804 1121 1845 Valderas
1143 1805 1367 1856 coniugum
1384 1815 1528 1843 secure
1551 1801 1682 1854 impo-

106 1877 202 1928 sito,
225 1878 342 1917 cuius
363 1876 550 1917 redditus
571 1889 667 1916 ann.
693 1878 744 1916 25
765 1889 907 1918 aurea.

108 1943 150 1976 R.
169 1954 227 1985 ap.
248 1942 284 1977 S.
306 1943 351 1975 M.
372 1943 422 1975 M.
444 1942 525 1977 VIII
545 1941 618 1976 kal.
638 1942 723 1974 Feb.
748 1941 1083 1976 16181‘.21n.X1V.

1264 2033 1348 2074 Res).
1368 2032 1453 2066 bule.
1475 2032 1536 2066 IV.
1556 2033 1629 2066 333.
1653 2031 1684 2063 b.

193 2147 291 2190 221.
325 2151 656 2201 Circumspevla
678 2148 951 2200 benz'ym'lczs.
976 2170 1002 2176 -
1022 2145 1142 2186 Paul.
1167 2144 1220 2196 V,
1244 2142 1484 2196 petentibus
1506 2142 1689 2183 Martino

113 2217 190 2268 epo
211 2214 379 2256 Plocen.
404 2220 443 2256 et
467 2215 599 2256 Mutio
619 2214 875 2256 Vitellescho
898 2215 1048 2268 Praep.
1071 2215 1173 2257 Gen.
1199 2213 1239 2256 S.
1265 2214 1318 2266 1.,
1342 2213 1514 2255 mandat
1535 2226 1608 2254 suo
1644 2213 1686 2253 in

112 2299 237 2339 regno
258 2286 457 2328 Poloniae
477 2286 635 2328 Nuntio
657 2291 703 2327 ut
724 2300 817 2327 cum
840 2285 1014 2338 collegio
1038 2287 1080 2326 S.
1104 2285 1138 2326 I.
1167 2286 1428 2334 Lucem-jen..
1456 2299 1481 2325 a
1501 2284 1540 2324 d.
1576 2284 1687 2324 Mar·
1735 2281 1739 2285 ’

111 2357 200 2398 tino
220 2361 320 2397 tunc
344 2358 587 2398 Luceorien.
616 2357 805 2410 praesule
840 2356 1037 2397 fabricari
1071 2362 1234 2408 coepto,
1256 2357 1390 2407 uniat,
1415 2354 1688 2396 desideranti-

114 2426 192 2468 bus
211 2427 254 2468 id
287 2427 418 2469 Paulo
454 2442 562 2469 nunc
599 2433 676 2480 epo
713 2433 755 2469 et
775 2428 960 2481 capitulo
982 2427 1249 2478 Luceorien.‚
1273 2427 1441 2480 paroch.
1467 2426 1686 2467 ecclesiam

114 2498 256 2551 oppidi
278 2512 349 2539 seu
371 2499 453 2539 loci
472 2498 716 2550 Kobrynen.
739 2500 779 2539 in
803 2498 995 2539 districtu
1018 2498 1193 2539 Bresten
1228 2497 1268 2538 d.
1291 2499 1425 2538 dioec,
1448 2511 1542 2538 cum
1578 2496 1688 2537 villis

115 2568 242 2610 Bloca
263 2569 431 2610 Hirskie
447 2574 489 2610 et
503 2569 686 2622 Lignica,
705 2574 746 2610 et
761 2574 1006 2622 perpetuum
1024 2568 1203 2622 simplex
1221 2568 1469 2609 beneficium
1487 2568 1540 2608 ad
1556 2568 1689 2608 altare

116 2638 157 2680 S.
180 2639 327 2680 Annae
349 2641 475 2680 situm
495 2641 539 2680 in
561 2640 599 2681 d.
626 2640 856 2693 parochiali
877 2639 979 2680 eccl.
1005 2653 1098 2680 cum
1121 2639 1223 2679 villa
1243 2638 1294 2679 de
1316 2638 1576 2691 Strykowad,
1599 2638 1689 2679 loco

118 2711 291 2751 rectoris
312 2710 414 2751 eccl.
438 2711 691 2763 parochialis
726 2711 928 2752 vicarium
964 2716 1212 2763 perpetuum
1248 2710 1456 2760 instituat,
1486 2714 1688 2761 surroget.

118 2779 237 2820 bonis
259 2780 340 2821 illis
361 2780 402 2821 d.
440 2781 612 2833 collegio
647 2781 866 2822 destinatis
901 2781 1001 2821 eccl.
1039 2779 1323 2834 parochialem
1357 2780 1437 2821 loci
1475 2779 1688 2831 Losiezen‚

118 2850 282 2903 aliaque
302 2864 354 2891 ex
376 2851 493 2892 bonis
514 2851 660 2893 Skulin
682 2856 723 2892 et
743 2851 866 2903 Bylin
887 2851 1106 2892 condonet.

118 2915 162 2949 R.
181 2925 238 2958 ap.
259 2915 294 2949 S.
314 2916 364 2950 M.
383 2916 432 2950 M.
453 2916 536 2951 VIII
553 2915 626 2950 kal.
647 2917 732 2950 Feb.
754 2919 838 2951 1618
857 2916 897 2950 Ρ.
918 2927 976 2949 an.
997 2915 1093 2950 XIV.

1305 3004 1379 3047 Rey
1411 3003 1498 3037 buzl.
1527 3003 1564 3036 V.
1584 3005 1641 3037 24.
1659 3003 1692 3035 b.
