1989 3252
289 189 454 234 Innoc.
475 190 536 233 X.
961 212 1012 218 —-
1043 190 1124 229 360
1151 213 1207 219 —
1744 191 1877 237 1653.

374 277 447 320 343.
483 274 634 327 Congr.
654 274 694 316 S.
719 274 807 316 Rit.
826 300 852 305 -
868 275 1112 329 Decretum,
1130 276 1375 330 Regulares,
1394 276 1524 318 etiam
1555 275 1596 318 S.
1619 275 1656 318 Ι.
1681 277 1816 318 teneri
1838 277 1884 318 in

292 347 432 387 missis
453 345 629 387 solemn.
653 345 854 388 adhibere
875 346 985 388 diac.
1010 352 1052 388 et
1073 348 1280 398 subdiac,
1299 349 1401 389 etin
1419 348 1602 400 vesperis
1624 347 1883 390 sacerdotem

290 417 467 471 pluviali
488 416 739 459 indutum...
764 421 807 459 et
829 432 911 459 non
931 432 1023 460 esse
1045 419 1297 461 celebranda
1317 419 1424 461 festa
1446 418 1530 461 BB.
1555 433 1651 460 cum
1671 423 1834 461 octava.

289 487 309 519 5
328 484 407 518 Oct.
431 487 527 519 1652.

291 592 520 633 Gardellz'm·‚
544 595 639 629 1653.

378 727 450 770 37.
479 725 528 767 A.
552 723 600 766 F.
624 724 675 767 R.
700 725 758 767 M.
786 729 917 770 Alias
940 742 966 770 α
988 730 1119 771 nobis
1140 733 1434 771 (Ἣιαπαναηί.
1454 752 1480 757 -
1500 727 1645 768 Innoc.
1667 726 1705 767 X
1725 727 1889 768 litteras

295 798 346 837 14
382 796 484 837 Maii
524 798 630 838 1648
666 797 710 837 in
745 810 873 838 causa
908 797 1258 850 Angelopolitana
1289 798 1383 850 (cfr.
1407 812 1450 839 n.
1473 799 1544 851 22)
1566 798 1702 850 datas,
1726 798 1888 839 clericis

293 867 558 920 regularibus
588 867 628 909 S.
654 867 688 908 Ι.
714 867 1089 921 praetendentibus
1120 881 1190 909 eas
1221 882 1302 910 non
1333 882 1425 910 esse
1456 868 1725 921 iustificatas‚
1749 882 1774 910 a
1793 882 1889 910 con-

291 939 533 992 gregatione
555 941 582 980 4
604 939 884 980 cardinalium
907 943 950 980 et
969 942 996 980 4
1025 940 1168 981 curiae
1198 940 1483 993 praelatorum
1515 954 1758 994 perpensaS‚
1791 954 1887 981 cum

292 1009 460 1051 decreto
482 1009 523 1051 d.
553 1011 890 1064 congregationis
911 1013 937 1051 4
957 1009 1059 1052 Feb.
1088 1013 1194 1053 1652
1215 1011 1328 1063 dato,
1353 1012 1589 1053 confirmat.

291 1076 338 1112 R.
356 1088 414 1119 ap.
438 1076 474 1111 S.
496 1077 545 1111 M.
566 1077 615 1111 M.
637 1077 726 1112 XIX
746 1077 834 1111 Nov.
857 1080 940 1112 1652
960 1078 999 1111 Ρ.
1024 1088 1081 1111 an.
1102 1078 1168 1113 IX.

294 1186 396 1221 Buce.
416 1186 524 1222 Rom.
543 1205 585 1210 --
605 1186 705 1219 Bull.
728 1189 770 1219 de
787 1197 941 1230 propag.
961 1187 1034 1230 fide
1052 1187 1082 1221 I.
1101 1188 1163 1222 281
1182 1188 1239 1227 (1).

379 1307 451 1350 38.
486 1313 644 1363 Nuper
660 1321 748 1363 pro
767 1312 917 1363 parte.
942 1330 968 1336 -
988 1305 1133 1347 Innoc.
1158 1304 1213 1358 X,
1236 1310 1407 1359 petente
1436 1310 1598 1348 rectore
1629 1306 1739 1348 dom.
1770 1304 1886 1360 prob.

297 1376 339 1419 S.
376 1376 410 1417 I.
450 1390 546 1431 opp.
585 1376 727 1419 Cherii
764 1377 992 1419 Taurinen.
1032 1377 1184 1430 dioec.,
1208 1377 1382 1419 mandat
1401 1378 1598 1431 archieps)
1622 1376 1890 1431 (Taurinen.)

297 1448 359 1489 vel
384 1448 545 1491 archid.
569 1449 683 1491 Eccl.
710 1449 743 1490 T
747 1450 938 1490 aurinen.
965 1453 1013 1490 ut
1034 1448 1073 1490 d.
1112 1448 1207 1491 coll.
1248 1449 1301 1490 ad
1336 1450 1666 1503 extinguendum
1703 1449 1891 1491 debitum

297 1518 544 1561 ducatorum
587 1522 692 1562 1400
735 1520 943 1562 concedat
963 1520 1211 1562 facultatem
1242 1520 1477 1574 accipiendi
1507 1521 1559 1562 ad
1593 1535 1764 1563 censum
1785 1521 1891 1561 vita-

298 1592 435 1633 litium
458 1593 497 1635 d.
523 1607 729 1635 summam
751 1608 777 1635 a
812 1593 920 1635 Lud.
947 1593 1063 1647 Lupo
1101 1592 1329 1635 Taurinen.
1362 1593 1497 1634 amico
1527 1592 1568 1635 S.
1602 1592 1655 1634 ad
1685 1593 1890 1633 rationem

300 1664 430 1704 annui
452 1663 504 1705 fr.
528 1663 624 1706 duc.
652 1667 675 1705 6
697 1679 771 1718 pro
793 1665 1048 1706 centenario.

297 1729 343 1765 R.
363 1741 421 1773 ap.
442 1730 477 1765 S.
498 1731 547 1765 M.
568 1731 618 1765 Μ.
643 1731 704 1766 VII
724 1731 810 1765 Dec.
831 1732 873 1766 P.
893 1743 952 1766 an.
971 1731 1030 1766 IX.

1458 1841 1546 1885 Req.
1567 1841 1655 1875 buu.
1681 1840 1740 1875 VI.
1762 1842 1824 1875 112
1858 1840 1891 1872 b.

383 1964 456 2007 39.
491 1969 649 2019 Nuper·
661 1978 751 2019 pro
769 1968 916 2018 parte.
942 1987 968 1992 —
988 1961 1134 2003 Innoc.
1159 1960 1212 2013 X,
1236 1965 1406 2015 petente
1428 1965 1530 2002 rect.
1554 1961 1650 2002 coll.
1681 1960 1779 2002 cler.
1805 1973 1889 2012 reg.

303 2033 345 2074 S.
370 2031 404 2074 I.
430 2032 734 2085 Beneventani,
758 2033 1002 2075 mand-au...
1026 2038 1074 2074 ut
1094 2033 1247 2074 rectori
1270 2032 1475 2075 concedat
1494 2031 1741 2073 facultatem
1762 2031 1894 2084 impo-

303 2104 429 2145 nendi
465 2118 614 2146 census
648 2117 812 2146 annuos
848 2104 900 2145 ad
937 2107 1045 2146 5369
1082 2103 1178 2146 duc.
1202 2111 1245 2145 et
1279 2105 1404 2145 unius
1437 2104 1573 2145 tareni
1609 2116 1815 2144 summam
1850 2102 1895 2143 in

303 2180 413 2217 sorte
448 2175 673 2229 principali
709 2175 1002 2226 ascendentes,
1034 2175 1087 2217 ad
1118 2177 1323 2217 minorem
1360 2189 1486 2229 quam
1523 2175 1706 2228 reperire
1741 2173 1896 2228 poterit

303 2248 433 2288 annui
454 2247 615 2288 fructus
637 2248 860 2299 rationem,
884 2261 1011 2300 super
1032 2246 1153 2288 bonis
1173 2246 1397 2288 stabilibus
1431 2246 1471 2288 d.
1511 2245 1607 2287 coll.
1647 2258 1801 2299 eosque
1837 2245 1897 2285 sic

304 2319 521 2371 impositos
558 2320 745 2372 personis
782 2319 999 2360 meliorem
1038 2318 1322 2359 conditionem
1359 2316 1632 2360 offerentibus
1670 2315 1893 2368 vendendi,

305 2394 474 2430 servata
495 2389 559 2430 Pii
583 2388 618 2429 V
640 2390 690 2431 de
713 2389 906 2431 creandis
930 2389 1124 2430 censibus
1146 2390 1459 2430 constitutione.

306 2456 348 2490 11.
367 2466 424 2498 ap.
446 2456 481 2489 S.
504 2456 551 2490 Μ.
571 2457 620 2490 Μ.
643 2456 726 2491 XIV
748 2456 821 2490 Ian.
844 2459 928 2491 1653
948 2456 988 2491 Ρ.
1004 2467 1064 2489 an.
1087 2456 1147 2490 [X.

1464 2564 1552 2609 Ray.
1573 2564 1660 2597 hall.
1686 2563 1747 2600 Vl.
1771 2567 1843 2599 113.
1864 2565 1896 2598 b.

395 2687 472 2730 40.
508 2687 557 2726 A.
581 2685 628 2727 F.
653 2685 704 2728 R.
729 2685 787 2727 M.
815 2693 970 2742 Nuper
984 2701 1074 2742 pro
1087 2691 1240 2741 parte.
1260 2709 1285 2715 —
1306 2683 1450 2725 Innoc.
1468 2683 1521 2735 X,
1541 2688 1707 2737 petente
1728 2683 1899 2725 Provin-

314 2755 411 2795 ciali
436 2770 550 2809 prov.
576 2758 810 2810 Aragoniae
827 2756 868 2799 S.
891 2757 943 2809 1.,
963 2756 1184 2797 confirmat
1200 2755 1482 2807 concordiam,
1501 2769 1527 2796 a
1542 2754 1735 2796 Goswino
1749 2753 1899 2796 Nickel

314 2827 355 2869 d.
394 2826 436 2868 S.
475 2827 626 2881 Praep.
664 2827 771 2870 Gon.
809 2828 833 2868 7
871 2833 994 2871 mart.
1035 2829 1139 2869 1653
1175 2827 1448 2880 approbatam
1487 2827 1738 2880 (inseritur),
1775 2839 1900 2879 super

374 2977 418 3018 (1)
445 2977 518 3010 Cfr.
543 2977 719 3010 Ooeornen.
740 2976 1038 3019 Beaeificationz's
1055 2976 1210 3009 Ioannis
1227 2976 1400 3014 Palasox.
1421 2976 1777 3010 Animadversiones
1792 2975 1835 3010 R.
1854 2977 1898 3009 P.

311 3034 400 3076 fidei
415 3035 641 3073 promotores
657 3031 757 3073 (Car.
777 3031 962 3071 Erskine),
982 3041 1014 3073 p.
1035 3032 1144 3065 34-41.
