1989 3252
114 173 257 217 Clem.
278 172 364 216 XI.
774 194 823 198 -—
853 171 930 210 441
963 194 1015 200 ——
1561 169 1687 214 1712.

107 261 172 299 ter
191 257 354 310 accepit
387 255 439 298 de
473 256 630 297 invicta
663 255 924 308 fortitudine,
948 256 1174 309 apostolico
1209 255 1295 297 zelo
1327 258 1370 296 et
1395 253 1620 295 virtutibus
1640 253 1682 295 d.

108 327 342 370 Oardinalis
362 342 371 379 ;
393 326 585 369 hortatur
604 330 647 368 ut
670 327 762 380 pios
783 327 873 368 eius
893 331 1066 368 conatus
1086 327 1216 368 iuvet.

106 393 150 428 R.
169 404 226 436 ap.
247 392 282 428 S.
302 392 351 426 M.
371 392 420 427 M.
441 391 546 427 XXV
563 392 630 429 Iul.
655 393 736 426 1711
756 392 797 426 P.
818 403 875 425 an.
895 392 959 427 XI.

106 500 218 535 clem.
242 499 310 535 XI.
327 501 431 544 epist.

189 621 261 665 66.
293 618 422 671 Cong.
445 631 479 659 s.
503 618 574 660 rit.
596 642 623 649 —
652 617 772 659 Prov.
795 617 958 659 Galliae
973 617 1013 659 S.
1038 617 1073 659 Ι.
1096 616 1200 659 Cum
1225 617 1406 659 officium
1436 616 1479 659 S.
1502 616 1683 670 Remigii

104 690 158 731 sit
178 689 333 743 duplex
356 689 493 729 minus
514 689 558 729 in
577 687 720 730 Gallia
741 693 783 729 et
804 701 982 742 sequens
1004 687 1093 729 dies
1113 689 1167 729 sit
1186 687 1280 729 fest.
1305 686 1375 730 SS.
1398 687 1545 741 Angel.
1569 688 1683 741 pari-

101 764 165 802 ter
185 759 299 813 dupl.
325 760 446 811 min.,
469 751 576 800 fiant
595 773 709 813 vesp.
732 759 784 800 de
805 773 892 813 seq.
915 773 1010 800 cum
1032 772 1181 800 comm.
1207 772 1343 813 praec.

99 829 140 860 22
158 827 254 869 Aug.
275 827 371 861 1711.

101 933 325 976 Gardellim',
345 935 442 969 3842.

181 1042 253 1086 67.
284 1041 411 1096 Gong.
446 1055 480 1083 s.
504 1042 573 1083 rit.
598 1046 639 1083 et
674 1041 762 1083 ind.
785 1067 810 1073 -
844 1041 1105 1095 Responsum
1140 1041 1194 1082 ad
1227 1042 1466 1096 episcopum
1501 1041 1673 1096 Regien.

98 1114 162 1153 An
182 1111 363 1153 alumnis
385 1113 615 1163 seminarii,
638 1112 712 1166 qui
737 1112 891 1154 scholis
912 1116 955 1154 et
973 1112 1361 1165 congregationibus
1385 1112 1546 1166 collegii
1567 1113 1606 1155 S.
1637 1112 1670 1154 Ι.

96 1183 269 1224 minime
291 1183 498 1224 intersunt
518 1183 688 1224 concedi
710 1184 872 1236 possint
891 1182 1178 1235 indulgentiae
1200 1182 1239 1224 d.
1265 1196 1404 1236 congr.
1428 1208 1453 1214 -
1474 1179 1578 1236 Neg.

96 1251 134 1283 16
153 1249 240 1282 Nov.
263 1252 360 1284 1711.

1527 1359 1672 1394 Bullae.

173 1468 245 1511 68.
281 1472 405 1509 Inler
425 1470 516 1510 αίῖα
540 1470 695 1510 mulla.
720 1492 745 1497 —
760 1467 890 1508 Clem.
911 1466 971 1507 XI
987 1466 1135 1508 Carolo
1154 1466 1270 1520 Hisp.
1291 1467 1376 1519 regi
1391 1467 1506 1508 cath.
1527 1465 1666 1520 Hung.

88 1540 131 1577 et
150 1535 326 1578 Bohem.
350 1538 437 1590 regi
468 1537 622 1578 illustri
643 1538 687 1578 in
708 1537 756 1579 R.
782 1537 887 1590 Imp.
927 1537 1061 1578 electo
1097 1537 1360 1578 commendat
1395 1537 1667 1578 seminarium

88 1606 224 1648 Lincii
259 1609 302 1648 in
332 1608 504 1649 Austria
533 1621 608 1662 pro
637 1608 873 1661 regionibus
904 1613 1118 1662 septemtr.
1152 1622 1177 1649 a
1205 1607 1382 1661 Iosepho
1412 1608 1541 1648 fratre
1577 1608 1666 1648 eius

91 1683 330 1732 susceptum
361 1692 438 1720 nec
467 1679 698 1732 perfectum
723 1694 731 1730 ;
755 1692 838 1733 qua
872 1678 922 1719 de
952 1692 996 1720 re
1031 1678 1177 1720 audire
1197 1678 1296 1719 velit
1317 1677 1463 1719 Ioann.
1487 1677 1667 1719 Galden-

87 1748 186 1791 blad
206 1749 247 1792 S.
271 1749 305 1791 I.
331 1750 592 1792 sacerdotem
613 1751 785 1804 eiusque
807 1749 1011 1791 desiderio
1032 1749 1288 1791 satisfacere.

86 1815 127 1849 R.
149 1827 206 1858 ap.
227 1816 261 1852 S.
282 1817 322 1850 P.
345 1817 427 1850 XVl
445 1817 520 1852 Ian.
544 1819 627 1852 1712
647 1816 687 1850 P.
707 1827 766 1851 an.
786 1816 865 1852 XII.

88 1925 199 1960 Clem.
217 1926 284 1961 XI.
304 1930 406 1971 epist.

165 2048 240 2092 69.
276 2049 499 2089 Plurz'mz's
520 2053 653 2102 acque
673 2049 942 2102 praeclaris.
968 2070 992 2076 —
1013 2044 1144 2087 Clem.
1168 2044 1227 2086 XI
1256 2044 1489 2086 Eleonorae
1519 2043 1658 2096 Magd.

85 2116 309 2158 Theresiae
348 2117 488 2169 Hung.
512 2121 553 2158 et
587 2116 692 2158 Boh.
730 2118 896 2170 reginae
926 2116 1078 2157 illustri
1099 2116 1364 2158 commendat
1383 2120 1430 2157 ut
1451 2114 1661 2156 Andream

81 2186 346 2230 Galdenblad
381 2187 422 2230 S.
457 2187 492 2229 Ι.
527 2188 577 2229 (16
612 2187 933 2230 necessitatibus
967 2189 1180 2229 seminarii
1214 2187 1348 2229 Lincii
1381 2190 1658 2241 exponentem

81 2257 259 2312 benigne
280 2258 439 2301 audiat.

81 2323 122 2358 R.
143 2335 199 2367 ap.
222 2324 259 2358 s,
280 2324 322 2358 P.
343 2324 521 2360 xv11an.
544 2326 627 2360 1712
645 2324 685 2359 P.
705 2334 764 2358 an.
784 2324 864 2360 ΧΠ.

77 2431 131 2467 Ib.

165 2553 235 2596 70.
268 2549 317 2592 In
338 2564 477 2604 congr.
503 2564 594 2604 gen.
621 2549 661 2593 S.
685 2550 737 2592 R.
757 2555 800 2593 et
820 2550 871 2593 U.
894 2550 982 2593 I....
1007 2551 1047 2594 S.
1073 2551 1122 2593 D.
1146 2551 1199 2592 N.
1222 2552 1426 2593 concessit
1440 2549 1487 2593 F.
1505 2550 1654 2593 Ioanni

80 2620 209 2662 Barse
245 2620 285 2662 S.
310 2620 344 2662 1.
369 2635 459 2675 sup.
484 2621 598 2662 miss.
637 2620 676 2662 d.
701 2619 742 2662 S.
778 2622 822 2662 in
843 2620 963 2674 Syria
983 2621 1205 2663 facultates
1238 2621 1291 2663 ad
1316 2621 1649 2676 quadriennium.

78 2692 216 2744 (form.
241 2694 279 2733 4.
305 2692 380 2733 cfr.
404 2706 445 2733 n.
467 2694 538 2744 49)
560 2717 585 2722 -
605 2691 651 2733 G.
679 2690 800 2733 Card.
824 2691 1115 2744 Marescottus,
1138 2691 1172 2734 I.
1196 2692 1390 2734 Bartolus
1408 2698 1496 2734 not.

78 2757 116 2790 F.
136 2760 156 2793 5
174 2758 232 2792 die
248 2758 383 2793 211an.
406 2760 501 2792 1712.

1267 2869 1356 2912 Κεφ.
1376 2868 1462 2902 buu.
1487 2868 1560 2903 VII
1575 2871 1648 2904 122.

165 2989 231 3031 71.
264 2986 395 3027 Clem.
419 2984 479 3026 XI
514 2984 729 3027 decretum
764 2986 807 3026 in
835 2999 961 3027 causa
990 2985 1196 3028 Viennen.
1219 2987 1262 3028 in
1281 2986 1418 3029 Gallia
1439 2986 1650 3029 beatifica-
