1989 3252
90 215 253 259 Innoc.
274 215 335 258 X.
760 237 812 242 —
842 214 918 253 361
953 238 1003 242 -
1538 214 1667 257 1653,

92 299 264 341 decimis
284 313 358 353 pro
379 299 473 341 coll.
499 299 538 341 S.
563 299 598 340 I.
622 313 646 340 a
667 299 877 353 Stephano
900 304 976 352 epo
999 299 1144 341 Oscen.
1169 300 1213 340 in
1233 313 1330 352 opp.
1363 298 1499 340 Graus
1528 298 1660 340 dioec.

89 369 354 412 Barbestren.
379 371 567 412 fundato.

87 436 132 471 R.
151 447 209 480 ap.
231 436 265 471 S.
286 437 335 470 M.
356 437 405 471 M.
426 437 515 472 XXI
532 437 639 470 Mart.
661 439 745 472 1653
763 437 804 470 Ρ.
824 447 883 469 an.
905 436 971 471 IX.

1288 546 1378 590 Ray.
1399 547 1487 581 hall.
1515 546 1571 579 VI.
1593 549 1667 580 115.

168 668 239 710 41.
273 671 431 721 Nuper
447 678 534 720 pro
553 669 701 720 parte.
726 688 752 694 -
776 662 920 704 Innoc.
943 662 982 704 X
1016 667 1184 716 petente
1219 668 1379 705 rectore
1414 663 1511 705 coll.
1550 663 1589 705 S.
1628 663 1663 705 I.

89 736 320 784 viterbien,
347 734 518 776 mandat
540 738 618 787 epo
641 734 870 775 Viterbien.
896 738 942 775 ut
962 734 1174 775 licentiam
1201 734 1404 776 concedat
1438 735 1661 775 nonnullas

85 806 227 849 domos
262 807 305 847 in
341 806 380 847 d.
421 807 499 847 civ.
538 806 658 856 sitas,
696 805 847 846 valoris
883 805 926 845 in
960 807 1216 858 proprietate
1251 807 1373 857 2800,
1398 805 1513 846 redd.
1537 806 1664 846 annui

84 879 137 918 48
158 891 236 928 sc.‚
259 876 467 918 vendendi
489 875 543 917 ad
563 875 904 917 satisfaciendum
925 876 1200 917 creditoribus
1234 876 1404 917 Ioannis
1439 875 1663 917 Brunaccii

83 949 155 1001 qui
177 947 283 989 bona
304 947 476 988 stabilia
498 946 705 1001 quaedam
727 946 766 987 d.
790 946 964 999 collegio
986 946 1227 988 donaverat.

81 1014 126 1048 R.
146 1026 203 1057 ap.
224 1013 261 1049 S.
282 1014 330 1047 M.
353 1014 400 1047 M.
422 1013 511 1048 XXI
530 1015 614 1056 Apr.
636 1015 720 1048 1653
738 1013 778 1047 Ρ.
799 1024 856 1047 an.
876 1013 940 1048 IX.

1283 1134 1368 1176 Res).
1390 1133 1478 1166 hall.
1507 1132 1564 1165 VI.
1588 1135 1661 1166 120.

163 1256 235 1298 42.
268 1254 318 1295 A.
358 1253 404 1295 F.
442 1253 492 1294 R.
532 1253 589 1294 M.
631 1261 735 1298 Cum
758 1256 1167 1308 secutaccepimus.
1206 1278 1231 1282 —
1266 1252 1410 1293 Innoc.
1448 1251 1501 1303 X,
1539 1266 1664 1305 super

83 1322 339 1365 differentias
370 1325 478 1365 inter
508 1325 751 1377 episcopum
786 1324 1120 1376 Angelopolitan.
1159 1329 1201 1364 et
1235 1323 1446 1375 religiosos
1481 1322 1521 1364 S.
1546 1322 1581 1363 I.
1606 1322 1657 1363 de

81 1395 393 1448 praedicatione
423 1401 465 1436 et
495 1395 826 1436 confessionibus
860 1399 973 1436 ortas
1009 1395 1220 1436 decretum
1257 1408 1394 1447 congr.
1435 1394 1659 1447 peculiaris

86 1467 134 1506 16
157 1479 243 1519 apr.
273 1467 376 1506 1648
398 1467 549 1518 citans,
573 1466 695 1507 varia
717 1466 843 1506 dubia
864 1466 915 1506 ab
936 1470 1114 1520 utraque
1135 1472 1253 1519 parte
1275 1466 1488 1519 proposita
1508 1465 1646 1506 solvit.

81 1531 119 1565 R„
144 1543 200 1574 ap.
222 1531 259 1567 S.
277 1532 325 1566 M.
347 1532 396 1566 M.
417 1532 501 1567 XIV
522 1532 607 1565 Maii
631 1535 712 1567 1653
732 1533 771 1565 Ρ.
791 1543 848 1566 an.
870 1532 933 1567 IX.

83 1651 169 1684 Buzz
199 1652 306 1685 Rom.

161 1774 233 1818 43.
266 1773 318 1814 Α.
342 1772 389 1814 F.
413 1771 464 1814 R.
504 1773 559 1815 M.
587 1777 715 1817 Alias
735 1789 761 1816 α,
783 1777 911 1817 nobis
931 1780 1221 1818 emanarunt.
1246 1799 1272 1804 —
1306 1774 1448 1815 Innoc.
1487 1773 1524 1814 X
1560 1788 1658 1815 con-

83 1842 224 1884 firmat
243 1843 456 1885 decretum
482 1846 530 1885 17
552 1844 650 1886 Dec.
677 1846 782 1886 1652
802 1859 826 1885 a
855 1858 995 1898 congr.
1019 1846 1151 1898 partic
1188 1846 1230 1886 in
1266 1859 1394 1887 causa
1429 1846 1659 1900 Angelopo-

80 1915 213 1956 litana
233 1915 396 1968 datum,
419 1929 516 1969 quo,
540 1917 717 1970 repetito
739 1916 938 1958 mandato
968 1917 1142 1970 parendi
1178 1918 1301 1958 Brevi
1335 1919 1378 1958 in
1412 1931 1460 1959 eo
1496 1919 1539 1958 in
1575 1932 1656 1972 quo

77 1999 159 2027 non
184 1986 266 2027 fuit
285 1987 484 2040 paritum,
509 1992 651 2029 censet
671 2002 753 2029 non
774 1987 902 2029 fuisse
925 1990 1062 2030 locum
1084 1989 1277 2030 electioni
1293 2002 1368 2042 por
1388 1988 1534 2030 Patres
1556 1989 1599 2031 S.
1617 1989 1651 2030 I.

75 2060 415 2098 conservatorum
438 2070 490 2098 ex
511 2057 606 2098 aliis
627 2059 765 2099 causis
786 2071 910 2112 quam
932 2059 973 2099 in
995 2058 1117 2099 Brevi
1138 2059 1359 2112 expressis.

72 2120 117 2155 R.
137 2132 194 2164 ap.
215 2121 251 2155 S.
272 2122 322 2156 M.
341 2122 390 2156 M.
412 2122 514 2158 XVII
533 2123 619 2158 Maii
639 2125 722 2158 1653
741 2123 780 2157 P.
804 2134 861 2158 an.
883 2124 948 2158 IX.

74 2240 175 2274 Buce.
196 2242 301 2276 Rom.
323 2260 363 2267 —
384 2242 484 2276 Bulc.
505 2245 548 2276 de
558 2253 719 2286 propag).
738 2243 811 2286 fide
827 2243 857 2276 Ι.
877 2246 953 2278 282.
1394 2244 1546 2278 Elench.
1567 2245 1655 2279 bull.

152 2352 226 2394 44.
261 2356 417 2405 Nuper
433 2365 520 2406 pro
533 2357 684 2407 parte.
708 2376 734 2381 -
754 2351 896 2393 Innoc.
923 2351 975 2403 X,
999 2357 1168 2406 petente
1195 2358 1358 2394 rectore
1387 2352 1497 2394 dom.
1530 2353 1648 2407 prob.

70 2423 173 2464 cler.
197 2437 283 2476 reg.
310 2422 351 2464 S.
375 2423 407 2464 1.
436 2422 721 2476 Neapolitan.,
745 2425 917 2466 mandat
938 2425 1134 2478 archiep&
1155 2425 1425 2478 Neapolitan.
1458 2430 1500 2467 et
1533 2427 1651 2468 cimi-

68 2494 255 2536 liarchae
272 2494 375 2535 eccl.
397 2494 666 2548 Neapolitan.
687 2500 732 2537 ut
748 2495 998 2538 confirment
1018 2497 1315 2538 concordatum
1338 2511 1464 2550 super
1484 2511 1610 2539 onere
1626 2512 1651 2539 a

69 2563 246 2618 Iosepho
267 2564 464 2617 Rinaldo,
488 2566 668 2608 haerede
690 2568 805 2608 univ,
829 2566 1031 2620 Stephani
1067 2568 1117 2608 de
1151 2567 1357 2620 Rinaldis‚
1380 2569 1423 2609 in
1458 2569 1646 2610 favorem

64 2635 206 2676 fratris
226 2637 291 2677 sui
313 2636 452 2678 Caroli
473 2637 514 2679 S.
537 2637 572 2679 I.
597 2638 739 2679 clerici
762 2638 958 2680 solvendo
995 2640 1211 2680 annuatim
1247 2638 1494 2680 ducatorum
1532 2642 1608 2681 120
1629 2656 1638 2692 ;

63 2706 173 2759 quod
206 2706 390 2759 legatum
428 2722 501 2760 per
536 2708 574 2750 d.
615 2708 753 2750 Caroli
794 2710 1027 2762 regularem
1067 2710 1368 2763 professionem
1408 2712 1640 2752 extinctum

62 2777 449 2829 praetendebatur:
474 2779 514 2820 d.
544 2778 746 2832 Iosephus
776 2780 814 2821 d.
855 2780 996 2822 domui
1034 2783 1138 2823 1600
1174 2781 1267 2823 duc.
1306 2783 1417 2823 intra
1450 2784 1476 2822 4
1510 2795 1640 2823 annos

60 2846 206 2889 solvet.

60 2911 103 2946 R.
122 2923 178 2956 ap.
200 2913 236 2947 S.
258 2914 306 2948 M.
328 2914 376 2949 M.
397 2915 505 2949 XXX
524 2916 609 2949 Maii
629 2919 713 2951 1653
732 2917 772 2950 Ρ.
792 2928 848 2950 an.
869 2917 934 2952 IX.

1269 3026 1354 3068 Κεφ.
1374 3026 1461 3059 hall.
1488 3028 1541 3061 VI.
1563 3029 1636 3061 121.
