1989 3252
284 238 459 283 Bened.
483 237 596 282 XIV
602 268 611 278 .
962 260 1015 265 —
1048 235 1129 275 478
1160 258 1215 264 -—
1750 234 1875 277 1754.

290 326 351 366 sic
373 328 593 377 exemptos
617 323 686 365 dd.
711 323 981 376 collegiorum
1004 322 1236 364 rectoribus
1257 322 1301 362 in
1330 322 1382 362 iis
1404 333 1512 374 quae
1533 319 1588 361 ad
1608 318 1877 361 administra-

292 397 451 438 tionem
477 395 548 437 SS.
572 394 708 436 Euch.
731 396 861 436 etiam
882 408 956 447 pro
984 394 1138 434 viatico
1159 407 1208 434 ac
1239 398 1346 434 extr.
1372 392 1584 432 unctionis
1614 394 1877 432 sacramento

288 467 467 521 aliisque
507 480 615 520 quae
655 466 709 507 ad
748 467 986 507 animarum
1026 478 1168 506 curam
1207 468 1411 518 spectant,
1453 462 1638 504 subiicit.
1680 461 1879 503 Parochis

288 538 452 580 inhibet
471 552 524 579 ne
545 551 590 579 se
611 538 655 578 in
676 538 918 591 praemissis
941 538 1147 590 ingerant.

288 604 331 638 R.
351 615 411 648 ap.
432 604 467 638 S.
487 604 536 639 M.
562 604 610 639 M.
630 603 696 639 VH
714 603 813 647 Sept.
836 605 922 639 1753
939 603 980 638 P.
1000 614 1058 637 an.
1078 602 1178 638 le.

289 726 398 760 Anac.
419 725 500 759 Iur.
521 724 631 758 Pom.
660 723 739 758 VII.
760 725 857 759 1106.

368 847 442 891 66.
476 845 525 886 A.
563 843 610 885 P.
648 843 698 885 R.
738 842 795 884 M.
838 846 1126 900 Apostolzcac
1153 844 1521 898 procurationis.
1559 864 1584 869 —
1619 838 1723 880 Ben.
1760 836 1876 890 XIV,

286 921 456 971 petente
484 915 610 958 Arch.
634 914 686 957 de
716 914 883 968 Oregny
909 912 949 955 S.
975 912 1009 954 I.
1035 926 1151 967 prOV.
1177 912 1347 954 Goanae
1378 914 1666 964 procuratore,
1690 909 1880 951 missioni

286 988 339 1029 ad
360 1001 486 1042 quam
515 989 569 1029 80
589 987 756 1028 circiter
777 985 960 1040 operarii
991 998 1125 1039 nuper
1145 984 1263 1025 missi
1293 986 1393 1024 sunt
1421 982 1565 1024 favere
1600 980 1759 1033 volens,
1783 994 1879 1022 con-

286 1060 430 1102 firmat
451 1059 602 1101 Brevia
628 1059 711 1100 tria
731 1063 877 1111 (supra
898 1071 971 1100 nn.
994 1058 1062 1110 30,
1086 1059 1156 1108 45,
1179 1057 1252 1109 47)
1274 1062 1316 1096 et
1336 1053 1529 1097 extendit
1556 1054 1601 1095 in
1630 1057 1880 1107 perpetuum

287 1136 329 1173 et
349 1144 476 1172 novas
497 1129 779 1184 indulgentias
799 1128 1006 1171 concedit.

287 1198 331 1232 R.
349 1209 408 1241 ap.
430 1198 465 1232 S.
490 1198 537 1230 M.
558 1197 607 1231 M.
628 1197 677 1231 VI
694 1197 774 1231 Oet.
796 1199 880 1231 1753
897 1196 938 1231 P.
960 1206 1019 1229 an.
1036 1194 1134 1229 XlV.

290 1319 388 1352 Bull.
408 1318 455 1352 de
468 1328 625 1362 propag).
643 1317 718 1361 fide
734 1316 806 1351 ΙΙΙ.
826 1318 905 1351 554.

369 1443 436 1486 67.
473 1443 848 1498 ,ιΙΙίαιιριεηοίαυεο
873 1463 899 1469 -
922 1437 1022 1479 Ben.
1060 1435 1160 1478 XIV
1197 1436 1282 1477 ind.
1308 1435 1423 1489 plen.
1448 1434 1490 1475 in
1526 1431 1628 1474 eccl.
1662 1430 1702 1473 S.
1740 1429 1775 1472 Ι,
1814 1428 1881 1470 die

287 1515 311 1554 5
333 1511 455 1553 Febr.
481 1511 674 1554 concedit
696 1512 748 1553 ad
769 1511 1051 1565 septennium.

287 1579 328 1613 R.
347 1590 406 1621 ap.
426 1579 461 1612 S.
481 1579 532 1613 M.
553 1579 604 1614 M.
626 1578 833 1613 V111Ma1·t.
855 1580 939 1613 1754
957 1577 999 1611 Ρ.
1019 1587 1078 1611 an.
1097 1576 1192 1610 XIV.

286 1699 357 1733 Em.
379 1705 452 1744 cyp.
473 1711 569 1734 cam.
590 1711 650 1743 ap.
670 1702 718 1738 ΓΟ.
1735 1690 1880 1724 Βιιῑῑαε.

370 1824 443 1867 68.
471 1821 694 1862 Decretum
711 1819 752 1861 S.
769 1819 844 1861 12-
861 1817 1019 1860 Bened.
1035 1816 1152 1869 XIV,
1165 1819 1333 1870 petente
1348 1813 1440 1868 Ign.
1455 1812 1712 1854 Vicecomite
1727 1810 1876 1863 Praep.

288 1893 391 1934 Gen.
418 1892 458 1934 S.
483 1892 518 1933 Ι.
539 1891 734 1933 concedit
754 1890 1004 1932 facultatem
1026 1888 1209 1931 officium
1232 1886 1300 1929 SS.
1323 1884 1583 1928 Sacramenti
1604 1883 1719 1925 feriis
1739 1881 1775 1922 V
1797 1894 1879 1922 non

288 1964 519 2018 impeditis,
557 1970 600 2005 et
635 1962 704 2005 off.
736 1961 1031 2016 Conceptionis
1066 1959 1114 2001 B.
1153 1958 1210 2000 M.
1237 1957 1288 1999 V.
1327 1957 1515 1999 sabbatis
1548 1969 1633 1998 non
1665 1952 1879 2006 impeditis

289 2031 509 2087 recitandi,
532 2036 721 2089 exceptis
741 2037 767 2076 4
789 2039 939 2088 temp.,
963 2032 1147 2074 adventu
1168 2035 1251 2072 etc.

291 2106 324 2137 ll
344 2101 433 2138 Maii
454 2105 550 2138 1754.

288 2222 360 2257 Ex.
378 2228 453 2266 typ.
473 2233 567 2256 ram.
588 2227 705 2265 apost.
725 2218 965 2264 (Stonyhurst
985 2219 1027 2254 Ρ.
1046 2221 1079 2260 2,
1097 2220 1142 2260 7).

370 2345 445 2389 69.
478 2341 528 2383 A.
550 2341 596 2382 P.
615 2341 665 2382 R.
686 2340 743 2382 M.
770 2347 868 2384 Non
890 2345 953 2383 est
974 2341 1198 2395 equidem.
1219 2362 1244 2368 -
1261 2335 1366 2377 Ben.
1384 2333 1502 2386 XIV,
1520 2336 1680 2375 attento
1701 2330 1878 2386 supplici

289 2414 432 2456 libello
468 2412 595 2468 (quod
634 2412 850 2464 inseritur)
873 2424 948 2464 per
983 2409 1029 2451 P.
1068 2409 1130 2450 Io.
1164 2408 1232 2449 Fr.
1259 2408 1393 2461 Lopez
1430 2407 1473 2447 S.
1496 2405 1531 2448 Ι.
1569 2417 1734 2459 procur.
1758 2416 1871 2457 prov.

290 2487 539 2528 Mexicanae
556 2485 713 2537 oblato,
732 2485 774 2525 in
791 2496 873 2537 quo
889 2487 1084 2524 narratur
1100 2480 1312 2534 apparitio
1329 2479 1378 2520 B.
1397 2478 1453 2519 M.
1476 2477 1527 2518 V.
1548 2477 1599 2518 de
1614 2474 1877 2528 Guadalupe,

289 2558 484 2613 specialis
507 2563 708 2610 patronae
739 2568 871 2597 novae
892 2554 1140 2607 Hispaniae,
1164 2552 1346 2594 officium
1377 2556 1421 2592 et
1440 2550 1612 2590 missam
1634 2547 1685 2589 de
1704 2550 1881 2601 patrona

289 2633 342 2672 24
379 2630 478 2683 Apr.
521 2630 626 2670 1754
663 2640 905 2669 concessam
941 2630 983 2667 et
1017 2624 1322 2677 indulgentiam
1361 2623 1433 2664 alt.
1472 2620 1613 2675 privil.
1646 2633 1719 2673 per
1755 2618 1879 2659 breve

295 2703 340 2742 11
366 2700 468 2742 Maii
493 2701 599 2742 1752
615 2712 855 2741 concessam
877 2697 1115 2748 confirmat,
1135 2696 1358 2749 variasque
1381 2692 1663 2746 indulgentias
1684 2690 1876 2742 largitur.

288 2769 331 2803 R.
351 2779 397 2810 ap
431 2767 466 2801 S.
488 2767 522 2802 M
559 2767 605 2799 M.
627 2766 731 2800 XXV
751 2764 838 2798 Maii
858 2766 942 2799 1754
962 2764 1001 2797 P.
1023 2774 1082 2798 an.
1102 2763 1199 2798 XIV.

290 2877 389 2910 Ball.
410 2877 455 2909 sle
468 2886 626 2918 propinq.
647 2874 720 2917 fide
736 2873 807 2908 111.
828 2875 903 2909 567.

374 2999 447 3041 2'0.
486 2995 709 3037 Decretum
734 2995 836 3036 Ben.
860 2991 958 3034 XIV
987 2993 1028 3034 in
1052 3005 1182 3033 causa
1202 2990 1359 3032 Polona
1379 3002 1453 3030 seu
1473 2987 1719 3029 Luceorien.
1738 2985 1879 3027 Beati-

289 3068 499 3111 ficatiouis
519 3081 590 3107 seu
615 3066 913 3108 declarationis
936 3064 1131 3116 martyrii
1152 3076 1247 3104 ven.
1267 3062 1375 3103 servi
1398 3060 1474 3101 Dei
1491 3058 1683 3100 Andreae
1704 3057 1877 3109 Bobola,
