1989 3252
112 221 246 265 Alex.
267 220 372 264 VII.
774 239 829 246 -—-
858 217 937 257 365
965 239 1020 246 —-
1559 214 1690 258 1655.

194 308 235 351 3.
270 305 320 346 A.
345 304 391 346 F.
415 303 466 345 R.
490 303 547 344 M.
572 310 645 347 Esr
664 310 788 346 Rom.
812 307 1061 356 Ponllfst'cz's.
1084 326 1110 332 -
1130 301 1251 343 Alex.
1270 300 1352 341 VII
1367 300 1518 341 statuit
1535 299 1689 353 legata,

114 376 403 428 eleemosynas
449 375 724 416 missionariis
760 387 833 414 seu
868 373 1073 425 religiosis
1113 373 1240 413 etiam
1268 371 1315 413 S.
1354 371 1389 412 I.
1432 385 1458 412 a
1495 370 1690 412 fidelibus

113 446 365 488 Hollandiae
387 445 624 499 elargienda
645 446 687 485 in
708 458 829 485 usum
850 444 1096 484 missionum
1117 448 1160 484 et
1179 456 1410 496 pauperum
1432 441 1583 483 debere
1603 455 1692 483 ero-

110 518 215 570 gari,
239 518 303 558 sin
324 517 475 568 minus,
498 517 541 556 in
560 515 829 557 vicinioribus
849 514 951 555 locis
972 526 1187 554 remanere
1215 526 1289 565 pro
1320 512 1487 563 scholis,
1510 513 1691 554 semina-

112 589 202 641 riis,
226 601 357 642 eaque
377 588 510 629 solum
532 587 649 629 Sedis
672 589 816 639 Apost.
840 585 1015 626 licentia
1035 585 1244 638 acceptari
1264 597 1397 638 posse.

111 654 154 688 R.
174 665 232 697 ap.
252 654 290 689 S.
310 654 360 689 M.
380 654 495 689 M.111
514 654 608 695 Aug.
630 655 714 687 1655
731 653 773 686 P.
792 662 852 686 an.
871 652 897 686 Ι.

109 761 210 795 Ball.
230 763 275 796 de
289 772 445 805 propag.
467 764 541 801 fide
557 761 586 794 I.
602 762 678 795 285.

192 874 233 915 4.
271 878 374 915 Cum
398 874 512 913 sicul
533 877 804 926 accepimus.
827 893 853 898 —
874 867 997 908 Alex.
1019 866 1099 906 VII
1121 868 1333 907 concessio
1355 866 1439 907 ind.
1464 866 1559 919 plen
1599 879 1692 919 per-

111 948 265 995 petuae
285 942 327 982 in
349 941 452 982 eccl.
478 940 588 982 dom.
612 940 717 993 prof.
744 939 954 980 Romanae
984 951 1057 991 pro
1088 937 1367 978 confratribus
1388 942 1430 978 et
1460 936 1690 978 consorori-

112 1012 186 1053 bus
206 1012 340 1053 bonae
362 1013 522 1063 mortis,
545 1011 673 1052 semel
695 1010 883 1064 quolibet
905 1021 1063 1059 mense,
1086 1008 1116 1049 f.
1143 1007 1198 1048 VI
1221 1007 1273 1048 ad
1295 1008 1461 1048 libitum
1484 1007 1689 1060 eligenda,

111 1083 264 1136 applic.
298 1083 518 1124 animabus
556 1082 807 1134 Purgatorii,
848 1085 891 1122 et
921 1078 1058 1133 quoad
1096 1079 1392 1120 interessentes
1438 1079 1691 1131 expositioni

111 1153 207 1196 SSmi
229 1153 418 1208 qualibet
439 1154 467 1195 f.
488 1153 546 1194 VI
565 1155 607 1194 in
628 1153 774 1195 eadem
793 1151 912 1203 eccl.,
931 1149 1146 1191 orantibus
1163 1156 1236 1192 aut
1256 1150 1520 1204 disciplinam
1538 1150 1692 1191 facien-

113 1224 242 1277 tibus,
265 1226 290 1264 7
311 1238 441 1265 annos
461 1230 503 1266 et
521 1224 697 1266 totidem
720 1223 972 1278 quadragen.

106 1293 146 1325 21
161 1291 255 1334 Aug.
277 1292 372 1326 1655.

1433 1379 1584 1414 Elench.
1604 1380 1691 1413 bull.

192 1496 234 1537 5.
267 1500 451 1549 Eoepom‘
477 1495 606 1536 nohis
634 1508 794 1549 nuper.
830 1518 855 1523 -
889 1493 1006 1533 Alex.
1047 1491 1144 1543 VII,
1181 1490 1421 1545 petentibus
1455 1493 1556 1530 rect.
1596 1487 1690 1529 coll.

113 1562 153 1605 S.
192 1563 227 1605 Ι.
266 1568 308 1605 et
340 1564 613 1604 universitate
649 1568 691 1604 et
724 1563 963 1604 hominibus
997 1577 1092 1617 opp.
1131 1562 1431 1603 Montiscalerii
1463 1560 1690 1601 Taurinen.

109 1634 260 1687 dioec,
285 1635 460 1676 mandat
481 1636 795 1688 archiepiscopo
817 1635 1044 1677 Taurinen.
1069 1640 1111 1676 et
1132 1634 1394 1676 thesaurario
1418 1632 1517 1673 eccl.
1543 1631 1691 1672 Tauri-

108 1719 203 1747 nen.
228 1711 289 1757 ut,
314 1707 347 1747 si
370 1707 411 1746 in
433 1705 541 1748 evid.
567 1706 664 1748 coll.
690 1706 935 1759 utilitatem,
959 1707 1178 1747 confirmet
1198 1704 1461 1747 concordiam
1494 1704 1604 1743 inter
1621 1716 1691 1743 eos

111 1778 160 1818 15
181 1776 273 1818 Iun.
298 1778 445 1818 initam
472 1790 598 1830 super
618 1779 884 1830 responsione
920 1777 985 1818 vel
1006 1791 1164 1818 canone
1185 1789 1324 1817 annuo
1351 1777 1430 1816 340
1461 1787 1569 1815 saco.
1593 1774 1690 1818 (368

107 1862 215 1889 saco.
239 1850 264 1890 3
286 1849 519 1889 eminarum
541 1851 564 1888 6
587 1862 817 1902 cupporum
839 1862 1059 1890 mensurae
1082 1861 1226 1899 nunc.‚
1245 1847 1468 1898 currentis)
1490 1845 1619 1886 tritici
1649 1848 1692 1885 et

106 1933 180 1973 pro
201 1922 248 1960 4a
266 1925 385 1973 parte
406 1919 584 1972 siliginis
605 1933 678 1961 seu
700 1920 866 1973 segalae
887 1933 911 1960 a
929 1919 997 1960 dd.
1022 1918 1263 1960 hominibus
1281 1918 1321 1958 d.
1341 1917 1514 1968 collegio
1531 1915 1687 1966 debito,

108 1991 227 2031 cuius
248 1991 338 2032 loco
360 1990 515 2032 cedunt
534 1990 773 2032 molendina
793 1992 874 2032 tria
895 1996 937 2032 et
958 1992 1171 2044 capsinam
1194 1990 1235 2030 la
1264 1996 1398 2030 stessa
1428 1991 1689 2028 constantem

108 2063 160 2102 90
176 2061 403 2114 iugeribus.

106 2128 150 2162 R.
171 2138 226 2171 ap.
249 2127 283 2162 S.
307 2128 354 2162 M.
375 2129 424 2163 M.
446 2128 547 2163 XXII
568 2128 667 2170 Sept.
690 2131 773 2164 1655
788 2129 828 2163 Ρ.
849 2139 907 2162 an.
927 2128 954 2163 I.

1272 2220 1358 2261 περ.
1377 2218 1465 2252 bun.
1495 2217 1552 2251 VJ.
1574 2219 1636 2253 127
1654 2218 1688 2251 b.

191 2332 232 2375 6.
267 2331 317 2371 A.
340 2330 388 2371 F.
412 2330 461 2371 R.
487 2330 544 2372 M.
574 2334 760 2374 Dilecto-3
778 2334 912 2385 filios.
932 2355 958 2361 -
979 2329 1100 2370 Alex.
1118 2327 1199 2369 VII
1220 2328 1399 2369 alumnis
1415 2327 1562 2368 semin.
1587 2340 1688 2380 pon-

110 2401 174 2442 tif.
198 2400 503 2454 Brunsbergen.
527 2402 570 2442 in
592 2401 762 2442 Prussia
783 2401 974 2442 concedit
991 2400 1043 2442 ad
1064 2400 1331 2453 septennium
1354 2403 1401 2439 ut
1415 2398 1468 2439 ad
1485 2412 1567 2440 sac.
1587 2397 1685 2439 Ord.

108 2476 432 2526 promoveantur
451 2477 572 2513 extra
592 2477 794 2525 tempora,
818 2472 870 2513 ad
890 2473 954 2514 tit.
979 2469 1075 2513 suff.
1100 2471 1378 2512 litteraturae.

108 2537 150 2572 R.
169 2548 226 2580 ap.
248 2537 284 2572 S.
306 2538 354 2572 M.
374 2538 423 2572 M.
442 2537 566 2573 XXVI
584 2537 662 2572 Oct.
683 2540 767 2573 1655
787 2538 826 2572 P.
846 2549 906 2573 an.
925 2539 951 2570 I.

1310 2630 1395 2671 Req.
1415 2629 1504 2663 bull.
1534 2629 1591 2663 VI.
1613 2631 1686 2664 129.

191 2742 229 2784 7.
261 2737 491 2779 Alexandri
525 2736 604 2778 VII
640 2737 850 2778 indultum
886 2741 932 2777 ut
965 2737 1198 2779 audiendae
1227 2738 1405 2779 orationi
1435 2737 1684 2789 studiorum,

109 2817 216 2858 quae
246 2805 470 2858 quotannis
500 2804 681 2845 habetur
710 2804 753 2844 in
783 2803 878 2844 coll.
911 2803 1051 2855 Rom,
1084 2805 1251 2845 invitari
1282 2805 1443 2857 possint
1470 2806 1498 2845 4
1532 2803 1682 2845 Cardd.

110 2874 284 2916 arbitrio
306 2873 388 2915 ΡΡ.
412 2873 450 2915 S.
475 2874 529 2925 1.,
550 2873 830 2915 nonobstante
851 2874 1016 2915 decreto
1037 2873 1180 2916 Innoc.
1204 2873 1258 2915 X.

107 2942 150 2975 29
168 2940 245 2973 Oct.
267 2941 361 2974 1655.

1430 3032 1580 3067 Elench.
1599 3031 1688 3066 buu.
