1989 3252
72 203 249 247 Urban.
272 202 402 246 vm.
741 225 794 230 -—
824 201 903 241 337
935 224 982 230 ——
1521 203 1649 247 1632.

154 290 256 334 136.
288 286 410 329 Card.
434 286 654 340 Hippolyti
674 287 977 328 Aldobrandini
1008 287 1050 329 S.
1074 287 1122 330 R.
1149 288 1197 330 E.
1222 289 1441 329 camerarii
1472 289 1650 342 epistola

70 360 123 401 ad
144 358 468 400 subcollectores
488 357 745 399 decimarum
771 359 1065 410 impositarum
1088 372 1112 399 a
1133 358 1346 409 Pontifice,
1370 372 1453 412 qua
1473 359 1647 400 mandat

71 444 125 472 ne
145 434 286 482 patres
320 428 362 470 S.
385 428 419 470 I.
444 429 717 470 molestentur
750 443 825 482 pro
858 429 1045 481 decimis,
1068 435 1232 471 attenta
1267 431 1568 483 compositione
1597 431 1650 472 ab

72 499 219 541 iisdem
240 499 431 553 patribus
450 498 562 540 facta
582 513 676 540 cum
698 512 805 540 cam.
829 499 1075 552 apostolica.

73 569 92 600 4
111 564 209 608 Sept.
231 567 329 599 1632.

1393 685 1541 721 E'lenclz.
1561 686 1648 721 bun.

160 814 256 857 137.
288 810 435 864 Congr.
446 809 486 852 S.
498 810 668 852 Indicis.
681 810 938 852 -Decretum
950 810 1152 852 damnans
1162 817 1205 852 et
1219 811 1444 864 prohibens
1461 811 1651 853 Ioannis-

77 882 125 924 B.
149 882 282 924 Pozae
302 882 342 924 S.
366 881 400 923 1.
439 881 637 923 Cantabri
672 895 799 934 opera
819 882 974 933 omnia,
998 887 1039 922 et
1068 882 1235 923 libellos
1255 883 1392 923 varios
1414 896 1488 935 pro
1510 883 1650 925 defen-

76 953 193 994 sione
213 956 470 997 Elucz'darz'i
490 959 728 1009 Deiparae.

73 1018 126 1054 IX
143 1018 240 1061 Sept.
260 1020 356 1053 1632.

72 1074 173 1107 Arm.
192 1076 236 1106 de
251 1074 290 1107 la
307 1073 340 1106 S.
359 1073 424 1106 des
439 1073 579 1106 soi-dis.
599 1072 670 1106 Jes.
694 1075 791 1113 1765,
809 1072 872 1113 ΠΙ,
891 1075 967 1108 593.

160 1194 259 1238 138.
293 1194 364 1235 Ad
383 1195 644 1247 auyendam
658 1195 877 1246 fidelium.
902 1217 928 1222 —
962 1191 1120 1235 Urban.
1144 1191 1247 1234 VIII
1282 1207 1355 1247 pro
1390 1196 1578 1236 oratione
1598 1198 1652 1237 40

76 1262 166 1304 hor.
202 1263 246 1304 in
280 1262 382 1304 eccl.
422 1262 464 1304 S.
488 1261 520 1304 Ι.
545 1262 632 1304 ind.
670 1262 780 1316 plen.
822 1263 1026 1305 concedit.
1062 1289 1116 1295 —
1147 1264 1210 1305 Ad
1239 1266 1520 1318 septennium.
1544 1266 1648 1320 (Cfr.

78 1347 120 1434 Ili.
140 1335 254 1442 gffs.
275 1399 324 1432 M.
344 1399 394 1435 Μ.
413 1400 482 1435 XV
501 1399 599 1442 Sept.
622 1402 703 1434 1632
722 1400 762 1433 P.
783 1411 840 1435 an.
863 1401 908 1435 X.

1297 1523 1385 1566 Rey.
1404 1523 1494 1558 hall.
1519 1524 1578 1560 VI.
1599 1526 1652 1559 24.

161 1641 261 1686 139.
294 1638 340 1681 C.
363 1639 404 1681 S.
441 1639 527 1681 Rit.
564 1662 590 1669 -
609 1638 860 1680 Germaniae
895 1654 902 1680 :
940 1638 1137 1693 Episcopi
1170 1641 1410 1694 supplicant
1440 1642 1653 1696 prohiberi

78 1711 242 1753 iesuitis
276 1710 520 1764 praedicare
555 1723 650 1751 cum
684 1710 990 1763 superpelliceo
1031 1725 1125 1752 cum
1167 1713 1342 1753 manicis
1380 1714 1536 1755 strictis
1579 1728 1655 1756 seu

79 1782 282 1834 rochetto,
304 1781 415 1835 quod
447 1785 510 1822 est
539 1782 751 1834 proprium
773 1781 1055 1834 praelatorum
1086 1782 1404 1825 ordinariorum.
1439 1788 1490 1836 R).
1524 1784 1654 1827 Exhi-

78 1853 228 1895 beatur
243 1852 487 1894 mandatum
507 1851 714 1894 sufficiens
734 1852 786 1893 ad
808 1852 849 1893 id
871 1853 1112 1906 petendum.

79 1921 121 1954 15
137 1919 213 1953 dec.
235 1920 331 1953 1632.

81 1973 309 2015 Gardellini,
332 1976 426 2008 1067.

163 2084 268 2127 140.
301 2081 350 2123 A.
375 2080 421 2123 F.
445 2079 496 2122 R.
529 2081 585 2123 M.
609 2087 767 2138 Nuper
780 2097 865 2138 pro
884 2088 1032 2139 parte.
1072 2108 1097 2114 -
1133 2082 1290 2125 Urban.
1336 2084 1451 2138 VIII,
1488 2091 1656 2139 petente

79 2152 288 2206 Stephano
319 2151 424 2194 Vaio
454 2154 496 2193 in
518 2157 696 2206 utraque
712 2154 816 2206 sign.
841 2153 1139 2208 referendario,
1157 2162 1427 2209 praeceptore
1443 2158 1655 2199 archihos-

78 2224 221 2277 pitalis
250 2222 291 2265 S.
325 2223 503 2277 Spiritus
524 2224 567 2264 in
588 2223 713 2265 Saxia
733 2224 784 2265 de
800 2224 931 2277 Urbe,
950 2226 1169 2267 confirmat
1189 2228 1488 2270 extinctionem
1505 2241 1654 2269 census

81 2295 130 2336 10
151 2295 243 2336 duc.
269 2295 320 2336 ad
342 2295 526 2336 favorem
547 2295 589 2337 d.
611 2295 850 2349 archihosp.
873 2310 898 2337 a
917 2295 991 2338 Pio
1012 2296 1071 2338 IV
1088 2299 1291 2338 reservati
1307 2312 1432 2352 super
1446 2299 1655 2341 fructibus

79 2365 299 2419 hospitalis
319 2365 361 2408 S.
381 2366 573 2408 Andreae
593 2368 672 2407 civ.
696 2367 927 2418 Adriensis,
947 2367 1056 2420 quod
1078 2374 1222 2420 postea
1238 2381 1263 2409 a
1279 2368 1410 2411 Paulo
1433 2369 1468 2410 V
1489 2370 1653 2411 clericis

79 2437 120 2479 S.
143 2436 178 2479 l.
201 2450 442 2478 concessum
464 2437 543 2478 fuit
563 2437 775 2479 mediante
791 2438 978 2478 cessione
998 2441 1025 2478 4
1041 2438 1227 2479 locorum
1244 2441 1448 2481 montium
1466 2455 1652 2483 commu·

77 2508 257 2550 nitatum
278 2507 485 2550 secundae
515 2509 737 2549 erectionis
759 2522 884 2549 nunc.
908 2522 982 2561 per
1016 2509 1183 2551 eosdem
1205 2511 1303 2551 cler.
1330 2511 1370 2553 d.
1395 2512 1652 2566 archihospi-

77 2578 153 2620 tali
173 2579 299 2621 facta.

75 2644 118 2679 R.
137 2655 197 2687 ap.
217 2644 252 2679 S.
274 2645 314 2680 P.
334 2645 440 2681 XXII
459 2645 541 2680 Dec.
564 2649 648 2681 1632
665 2645 706 2680 Ρ.
727 2657 785 2679 an.
806 2645 851 2679 X.

1293 2759 1381 2803 Rey.
1403 2761 1491 2795 bun.
1516 2761 1576 2796 VI.
1596 2762 1651 2798 26.

158 2865 258 2908 141.
292 2870 364 2908 Eae
382 2865 528 2908 debito
541 2867 809 2921 pastoralis.
834 2889 859 2896 -
880 2864 1039 2907 Urban.
1063 2865 1167 2907 VIII
1187 2868 1407 2910 attendens
1428 2869 1480 2910 ad
1509 2870 1649 2923 prohi-

76 2932 277 2975 bitionem
297 2947 350 2976 ne
370 2935 463 2988 quis
483 2934 536 2976 ad
556 2934 725 2988 Iaponis
741 2940 783 2977 et
800 2935 961 2978 Chinae
975 2938 1210 2990 provincias
1230 2939 1500 2991 praedicandi
1521 2953 1650 2983 causa

75 3005 164 3046 sine
181 3004 301 3046 Sedis
314 3005 461 3058 Apost.
473 3006 644 3048 licentia
654 3006 875 3049 accederet
889 3021 915 3049 a
930 3007 1052 3061 Grcg.
1073 3007 1178 3050 XIII
1192 3009 1341 3063 latam,
1354 3024 1379 3051 a
1393 3010 1524 3053 Clem.
1545 3011 1647 3054 VIII
