1989 3252
294 195 436 239 Clem.
461 194 546 238 XI.
962 215 1018 225 ψ-
1044 196 1126 236 450
1155 219 1209 224 -
1752 197 1877 241 1719.
1931 243 1938 245 Δ

294 281 430 332 prima
456 280 750 321 communione
771 293 996 333 puerorum
1026 293 1131 334 quos
1161 279 1201 322 S.
1235 279 1269 322 Ι.
1304 280 1357 321 ab
1387 293 1496 322 anno
1530 282 1635 321 1570
1664 282 1883 322 consuevit

293 351 398 403 sing.
418 350 565 392 diebus
586 356 675 391 tum
698 350 860 391 feriatis
881 356 972 396 tum
992 351 1154 392 festivis
1175 351 1366 393 doctrina
1386 352 1532 393 christ.
1552 352 1741 393 imbuere
1765 367 1772 393 :
1799 351 1879 395 Aff.

294 420 347 462 ad
368 422 650 474 septennium.

294 489 333 521 11
351 486 406 520 Iul
428 489 524 522 1718.

1737 597 1887 635 Bullae.

374 705 468 748 111.
506 707 674 749 Quibus
687 718 784 760 par
803 710 915 747 erat.
938 728 964 734 -
984 702 1115 746 Clem.
1134 702 1194 744 XI
1216 705 1420 757 Augusto,
1439 703 1639 745 Poloniae
1659 705 1745 758 regi
1766 704 1882 746 illus-

293 774 349 814 tri
370 773 580 828 significat
598 775 689 815 eius
710 779 856 816 natum
879 774 940 817 Io.
965 774 1190 828 Georgium
1214 775 1266 816 de
1287 774 1507 816 Theschen
1529 775 1583 816 ad
1605 774 1764 817 Urbem
1786 777 1885 817 mis-

294 859 388 886 sum
405 846 509 886 utin
526 846 751 887 seminario
768 845 955 887 Romano
973 846 1211 888 litterarum
1227 846 1365 887 studio
1388 847 1608 887 excolatur
1629 860 1654 888 a
1670 860 1713 887 se
1734 860 1885 900 excep-

293 922 385 958 tum
407 916 623 970 pontificia
653 917 876 968 charitate,
908 919 1177 972 fructumque
1207 918 1464 960 uberrimum
1497 918 1577 958 sibi
1607 908 1831 971 pollicetur
1861 932 1886 959 a

295 989 515 1042 praeclara
545 988 586 1030 d.
619 987 790 1030 Ioannis
822 989 963 1030 indole
992 994 1034 1030 et
1063 989 1116 1030 ab
1147 990 1307 1043 optima
1342 989 1565 1042 disciplina
1595 990 1886 1043 religiosorum

294 1061 478 1101 virorum
500 1059 541 1101 S.
570 1060 603 1101 Ι.
629 1060 781 1114 quibus
803 1062 992 1114 impense
1013 1060 1331 1102 commendatus
1352 1060 1448 1102 fuit.

294 1125 337 1160 R.
359 1126 464 1160 XXV
485 1126 573 1160 Nov.
596 1128 680 1162 1718
699 1127 739 1160 P.
760 1137 819 1160 an.
839 1126 971 1162 XVIII.

294 1235 366 1268 Iul.
389 1234 549 1277 Poyiam'
566 1246 621 1279 ep.
640 1235 689 1270 ΙΙ.
712 1238 787 1270 174.

377 1346 475 1390 112.
513 1351 658 1391 Quum
678 1360 761 1388 nos
781 1334 928 1389 hodie.
946 1369 976 1375 —
999 1344 1128 1386 elem.
1152 1343 1213 1385 XI
1244 1344 1289 1386 P.
1316 1345 1488 1386 Salerno
1519 1345 1560 1388 S.
1584 1344 1619 1388 I.
1644 1345 1887 1400 presbytero

297 1414 512 1457 Cardinali
532 1421 671 1457 creato
693 1417 735 1456 in
757 1417 912 1457 virtute
934 1420 1107 1457 sanctae
1138 1416 1404 1458 obedientiae
1426 1418 1632 1471 praecipit
1652 1422 1698 1458 ut
1718 1431 1890 1459 consen-

296 1502 389 1529 sum
410 1492 613 1541 praestet‚
636 1492 780 1528 votum
802 1488 853 1528 de
874 1501 956 1529 non
977 1487 1236 1542 acceptanda
1256 1489 1516 1541 praelatione
1538 1489 1718 1530 relaxat.

296 1555 338 1589 R.
360 1565 419 1597 ap.
438 1553 472 1588 S.
493 1554 542 1589 M.
565 1555 614 1587 M.
632 1556 675 1588 29
692 1555 781 1588 Nov.
804 1556 890 1589 1719
909 1555 948 1587 P.
969 1566 1028 1587 an.
1050 1554 1149 1590 XIX.

295 1662 418 1697 Nizces
434 1663 469 1697 S.
489 1662 531 1702 I.‚
552 1663 787 1706 Symbolae...
806 1676 842 1707 ρ.
871 1666 966 1698 1016.

350 1778 352 1782 “
381 1775 476 1818 113.
511 1773 560 1830 ΑΔ.
586 1770 632 1812 F.
656 1770 705 1813 R.
732 1770 789 1813 M.
823 1778 957 1816 Sacri
986 1777 1282 1829 apostolatus.
1319 1798 1344 1803 -
1376 1773 1510 1814 Clem.
1543 1771 1620 1825 XI,
1652 1778 1890 1826 exponente

296 1843 427 1885 Mich.
446 1844 549 1896 Aug.
571 1843 830 1885 Tamburino
854 1842 1004 1897 Praep.
1024 1843 1130 1886 Gen.
1150 1844 1190 1886 S.
1212 1844 1246 1887 I.
1267 1844 1513 1898 Gregorium
1535 1843 1640 1885 XIII
1662 1844 1892 1886 decrevisse

298 1922 344 1957 ut
364 1917 405 1956 in
427 1915 561 1956 lndiis
581 1929 643 1956 or.
663 1920 705 1956 et
725 1929 815 1956 occ.
835 1920 876 1956 et
896 1915 992 1956 aliis
1014 1917 1255 1970 regionibus
1271 1921 1393 1958 extra
1414 1916 1626 1969 Europam
1648 1929 1772 1957 nemo
1793 1915 1834 1958 S.
1854 1916 1887 1958 Ι.

297 1995 392 2041 post
413 1988 568 2028 emissa
593 1992 688 2027 vota
708 1986 762 2028 ad
778 2001 1071 2041 quemcunque
1093 1987 1291 2029 Ordinem
1313 1989 1394 2029 nisi
1410 1988 1462 2030 de
1483 2000 1684 2043 expressa
1699 1986 1750 2029 R.
1768 1988 1888 2031 Pont.

296 2059 362 2100 vel
393 2059 530 2112 Praep
578 2059 681 2100 Gen.
715 2060 894 2100 transire
926 2065 1064 2112 posset
1093 2061 1353 2113 (inseruntur
1383 2061 1553 2103 litterae
1579 2079 1586 2104 :
1616 2070 1740 2106 Det-cd
1763 2070 1887 2106 Rom.

300 2134 587 2184 Pontificem,
611 2132 633 2170 9
656 2130 742 2189 kal.
765 2129 857 2172 Oct.
885 2131 1023 2184 1579),
1042 2136 1084 2172 et
1105 2131 1380 2173 nihilominus
1400 2132 1583 2187 aliquem
1606 2148 1753 2188 nuper,
1773 2147 1892 2186 prae·-

297 2206 419 2243 textu
441 2201 553 2255 quod
573 2201 742 2243 litterae
763 2201 882 2255 Greg.
908 2201 1012 2243 XIII
1034 2204 1074 2243 in
1101 2202 1280 2244 bullario
1311 2202 1352 2245 S.
1376 2203 1411 2245 I.
1437 2218 1518 2245 non
1550 2206 1827 2258 reperiantur,
1851 2211 1893 2246 et

297 2273 408 2328 quod
451 2273 688 2326 capitulum
728 2281 845 2318 Licet
866 2277 921 2317 (le
942 2279 1247 2330 Reyucam‘has
1282 2275 1511 2328 praevalet,
1548 2277 1781 2329 transiisse,
1817 2276 1884 2318 dd.

298 2344 423 2397 Greg.
449 2342 553 2385 XIII
574 2345 738 2386 litteras
754 2345 990 2387 confirmat.

301 2411 341 2445 R.
362 2422 418 2454 ap.
439 2411 473 2445 S.
495 2411 544 2444 M.
568 2412 614 2445 M.
635 2412 649 2446 I
671 2412 753 2447 Dec.
777 2414 862 2447 1719
878 2411 919 2446 P.
938 2423 996 2446 an.
1018 2412 1101 2447 XX.

301 2519 401 2553 Buca.
424 2520 526 2554 Rom.
548 2538 588 2545 -
605 2519 698 2554 Νου.
716 2520 803 2554 buza.
820 2521 853 2554 s,
876 2520 905 2553 1.
925 2523 989 2555 206
1008 2539 1048 2544 —
1066 2521 1241 2555 Hermes
1261 2522 1289 2562 ι,
1309 2525 1385 2557 644.
1483 2504 1559 2567 κερ
1590 2523 1681 2557 bun.
1711 2523 1791 2558 Vll.
1813 2526 1887 2558 127.

386 2638 487 2680 114.
520 2634 646 2689 Cong.
672 2649 706 2677 s.
730 2637 798 2677 rit.
824 2642 867 2677 et
896 2635 983 2677 ind.
1007 2660 1032 2667 -
1063 2635 1258 2677 Patribus
1290 2636 1480 2677 bohemis
1510 2636 1550 2678 S.
1587 2637 1620 2679 I.
1654 2637 1893 2690 petentibus

303 2707 494 2748 renovari
513 2706 601 2749 ind.
627 2707 735 2761 plen.
760 2707 813 2749 ad
835 2712 940 2761 sept.
965 2721 1207 2749 concessam
1229 2708 1359 2749 semel
1380 2709 1424 2748 in
1454 2722 1579 2760 anno,
1603 2708 1790 2761 quolibet
1811 2708 1892 2760 die,

304 2778 347 2818 in
367 2778 471 2819 eccl.
496 2777 536 2820 S.
560 2777 594 2820 Ι.
620 2780 663 2819 in
685 2777 847 2820 Turzan
872 2795 880 2821 :
905 2778 975 2821 SS.
995 2780 1201 2820 concessit
1220 2792 1295 2832 pro
1316 2781 1341 2819 7
1363 2779 1665 2820 festivitatibus
1687 2779 1736 2823 B.
1759 2779 1816 2820 M.
1841 2779 1891 2822 V.

303 2849 450 2891 semel.
473 2849 540 2890 Ad
560 2851 841 2903 septennium.

304 2921 322 2950 4
346 2916 428 2950 Dec.
453 2918 547 2950 1719.

1754 3029 1896 3064 Bullae.
