<?xml version="1.0" encoding="UTF-8"?>
<!DOCTYPE html PUBLIC "-//W3C//DTD XHTML 1.0 Transitional//EN"
    "http://www.w3.org/TR/xhtml1/DTD/xhtml1-transitional.dtd">
<html xmlns="http://www.w3.org/1999/xhtml" xml:lang="en" lang="en">
 <head>
  <title>
</title>
<meta http-equiv="Content-Type" content="text/html;charset=utf-8" />
  <meta name='ocr-system' content='tesseract 3.04.00' />
  <meta name='ocr-capabilities' content='ocr_page ocr_carea ocr_par ocr_line ocrx_word'/>
</head>
<body>
  <div class='ocr_page' id='page_1' title='image "./synopsisactorums02delp_0289.png"; bbox 0 0 1989 3252; ppageno 0'>
   <div class='ocr_carea' id='block_1_1' title="bbox 95 171 1669 222">
    <p class='ocr_par' dir='ltr' id='par_1_1' title="bbox 95 171 1669 222">
     <span class='ocr_line' id='line_1_1' title="bbox 95 171 1669 222; baseline -0.008 0"><span class='ocrx_word' id='word_1_1' title='bbox 95 177 239 222; x_wconf 76' lang='lat' dir='ltr'>Clem.</span> <span class='ocrx_word' id='word_1_2' title='bbox 260 176 384 220; x_wconf 89' lang='lat' dir='ltr'><strong>XIV.</strong></span> <span class='ocrx_word' id='word_1_3' title='bbox 757 198 811 204; x_wconf 97' lang='lat'><strong>—</strong></span> <span class='ocrx_word' id='word_1_4' title='bbox 840 175 919 215; x_wconf 89' lang='lat'>503</span> <span class='ocrx_word' id='word_1_5' title='bbox 949 199 1003 205; x_wconf 91' lang='lat'>-—</span> <span class='ocrx_word' id='word_1_6' title='bbox 1542 171 1669 216; x_wconf 76' lang='lat'><strong>1769.</strong></span> 
     </span>
    </p>
   </div>
   <div class='ocr_carea' id='block_1_2' title="bbox 92 255 1673 454">
    <p class='ocr_par' dir='ltr' id='par_1_2' title="bbox 92 255 1673 454">
     <span class='ocr_line' id='line_1_2' title="bbox 92 255 1673 314; baseline -0.004 -12"><span class='ocrx_word' id='word_1_7' title='bbox 92 275 183 303; x_wconf 88' lang='lat' dir='ltr'>ram</span> <span class='ocrx_word' id='word_1_8' title='bbox 203 274 381 314; x_wconf 89' lang='lat' dir='ltr'>persona</span> <span class='ocrx_word' id='word_1_9' title='bbox 395 261 481 314; x_wconf 88' lang='lat' dir='ltr'>regi</span> <span class='ocrx_word' id='word_1_10' title='bbox 502 264 634 314; x_wconf 86' lang='lat' dir='ltr'>grata,</span> <span class='ocrx_word' id='word_1_11' title='bbox 657 264 704 301; x_wconf 89' lang='lat' dir='ltr'>ut</span> <span class='ocrx_word' id='word_1_12' title='bbox 724 260 956 313; x_wconf 81' lang='lat' dir='ltr'>accipiatur</span> <span class='ocrx_word' id='word_1_13' title='bbox 971 260 1013 300; x_wconf 90' lang='lat' dir='ltr'>in</span> <span class='ocrx_word' id='word_1_14' title='bbox 1035 259 1241 300; x_wconf 76' lang='lat' dir='ltr'><strong>Nuntium</strong></span> <span class='ocrx_word' id='word_1_15' title='bbox 1261 257 1527 310; x_wconf 85' lang='lat' dir='ltr'>Apostolicae</span> <span class='ocrx_word' id='word_1_16' title='bbox 1554 255 1673 297; x_wconf 87' lang='lat' dir='ltr'>Sedis</span> 
     </span>
     <span class='ocr_line' id='line_1_3' title="bbox 94 328 1672 383; baseline -0.003 -11"><span class='ocrx_word' id='word_1_17' title='bbox 94 332 364 373; x_wconf 84' lang='lat' dir='ltr'>Innocentius</span> <span class='ocrx_word' id='word_1_18' title='bbox 386 330 523 383; x_wconf 89' lang='lat' dir='ltr'>Conti,</span> <span class='ocrx_word' id='word_1_19' title='bbox 546 335 591 371; x_wconf 89' lang='lat' dir='ltr'>ut</span> <span class='ocrx_word' id='word_1_20' title='bbox 625 331 706 371; x_wconf 90' lang='lat' dir='ltr'>sibi</span> <span class='ocrx_word' id='word_1_21' title='bbox 726 335 885 372; x_wconf 81' lang='lat' dir='ltr'>secreto</span> <span class='ocrx_word' id='word_1_22' title='bbox 907 336 1005 371; x_wconf 87' lang='lat' dir='ltr'>nota</span> <span class='ocrx_word' id='word_1_23' title='bbox 1038 331 1143 371; x_wconf 90' lang='lat' dir='ltr'>fiant</span> <span class='ocrx_word' id='word_1_24' title='bbox 1162 343 1228 371; x_wconf 88' lang='lat' dir='ltr'>res</span> <span class='ocrx_word' id='word_1_25' title='bbox 1262 329 1404 370; x_wconf 90' lang='lat' dir='ltr'>curiae</span> <span class='ocrx_word' id='word_1_26' title='bbox 1423 328 1672 368; x_wconf 85' lang='lat' dir='ltr'>lusitanicae</span> 
     </span>
     <span class='ocr_line' id='line_1_4' title="bbox 93 397 1670 454; baseline -0.004 -11"><span class='ocrx_word' id='word_1_27' title='bbox 93 406 136 443; x_wconf 89' lang='lat' dir='ltr'>et</span> <span class='ocrx_word' id='word_1_28' title='bbox 170 406 216 442; x_wconf 89' lang='lat' dir='ltr'>ut</span> <span class='ocrx_word' id='word_1_29' title='bbox 250 415 276 442; x_wconf 89' lang='lat' dir='ltr'>a</span> <span class='ocrx_word' id='word_1_30' title='bbox 309 401 523 443; x_wconf 75' lang='lat' dir='ltr'>foederatis</span> <span class='ocrx_word' id='word_1_31' title='bbox 552 402 679 442; x_wconf 91' lang='lat' dir='ltr'>curiis</span> <span class='ocrx_word' id='word_1_32' title='bbox 708 402 751 441; x_wconf 90' lang='lat' dir='ltr'>in</span> <span class='ocrx_word' id='word_1_33' title='bbox 787 401 950 453; x_wconf 86' lang='lat' dir='ltr'>negotio</span> <span class='ocrx_word' id='word_1_34' title='bbox 984 400 1094 454; x_wconf 89' lang='lat' dir='ltr'>quod</span> <span class='ocrx_word' id='word_1_35' title='bbox 1129 399 1323 441; x_wconf 82' lang='lat' dir='ltr'>Pontifex</span> <span class='ocrx_word' id='word_1_36' title='bbox 1357 397 1670 452; x_wconf 83' lang='lat' dir='ltr'>exsequendum</span> 
     </span>
    </p>
   </div>
   <div class='ocr_carea' id='block_1_3' title="bbox 92 472 952 581">
    <p class='ocr_par' dir='ltr' id='par_1_3' title="bbox 92 472 952 581">
     <span class='ocr_line' id='line_1_5' title="bbox 93 472 952 526; baseline -0.001 -13"><span class='ocrx_word' id='word_1_37' title='bbox 93 472 318 526; x_wconf 78' lang='lat' dir='ltr'>assumpsit</span> <span class='ocrx_word' id='word_1_38' title='bbox 338 486 420 513; x_wconf 89' lang='lat' dir='ltr'>non</span> <span class='ocrx_word' id='word_1_39' title='bbox 442 477 639 525; x_wconf 80' lang='lat' dir='ltr'>urgeatur</span> <span class='ocrx_word' id='word_1_40' title='bbox 659 473 952 525; x_wconf 79' lang='lat' dir='ltr'>inopportune.</span> 
     </span>
     <span class='ocr_line' id='line_1_6' title="bbox 92 538 366 581; baseline -0.011 -8"><span class='ocrx_word' id='word_1_41' title='bbox 92 541 135 573; x_wconf 78' lang='lat'>28</span> <span class='ocrx_word' id='word_1_42' title='bbox 152 538 246 581; x_wconf 88' lang='lat' dir='ltr'>Aug.</span> <span class='ocrx_word' id='word_1_43' title='bbox 268 540 366 573; x_wconf 85' lang='lat'><strong>1769.</strong></span> 
     </span>
    </p>
   </div>
   <div class='ocr_carea' id='block_1_4' title="bbox 969 659 1669 706">
    <p class='ocr_par' dir='ltr' id='par_1_4' title="bbox 969 659 1669 706">
     <span class='ocr_line' id='line_1_7' title="bbox 969 659 1669 706; baseline -0.004 -11"><span class='ocrx_word' id='word_1_44' title='bbox 969 662 1080 697; x_wconf 79' lang='lat' dir='ltr'>Arch.</span> <span class='ocrx_word' id='word_1_45' title='bbox 1103 661 1323 706; x_wconf 75' lang='lat' dir='ltr'>Stonyhurst</span> <span class='ocrx_word' id='word_1_46' title='bbox 1340 663 1492 704; x_wconf 73' lang='lat' dir='ltr'>(exemp.</span> <span class='ocrx_word' id='word_1_47' title='bbox 1513 659 1669 701; x_wconf 49' lang='grc' dir='ltr'>Εὔιος.)</span> 
     </span>
    </p>
   </div>
   <div class='ocr_carea' id='block_1_5' title="bbox 95 794 1671 994">
    <p class='ocr_par' dir='ltr' id='par_1_5' title="bbox 95 794 1671 994">
     <span class='ocr_line' id='line_1_8' title="bbox 176 794 1669 854; baseline -0.005 -11"><span class='ocrx_word' id='word_1_48' title='bbox 176 800 217 843; x_wconf 82' lang='grc'>3.</span> <span class='ocrx_word' id='word_1_49' title='bbox 252 805 310 842; x_wconf 81' lang='lat' dir='ltr'>Le</span> <span class='ocrx_word' id='word_1_50' title='bbox 329 801 517 842; x_wconf 64' lang='lat' dir='ltr'>dernier·</span> <span class='ocrx_word' id='word_1_51' title='bbox 533 801 696 854; x_wconf 73' lang='lat' dir='ltr'>projet.</span> <span class='ocrx_word' id='word_1_52' title='bbox 721 823 746 829; x_wconf 90' lang='lat'>—</span> <span class='ocrx_word' id='word_1_53' title='bbox 766 798 897 840; x_wconf 89' lang='lat' dir='ltr'>Clem.</span> <span class='ocrx_word' id='word_1_54' title='bbox 921 797 1019 839; x_wconf 91' lang='lat' dir='ltr'>XIV</span> <span class='ocrx_word' id='word_1_55' title='bbox 1049 797 1260 839; x_wconf 87' lang='lat' dir='ltr'>Ludovico</span> <span class='ocrx_word' id='word_1_56' title='bbox 1291 797 1546 838; x_wconf 85' lang='lat' dir='ltr'>Francorum</span> <span class='ocrx_word' id='word_1_57' title='bbox 1582 794 1669 847; x_wconf 88' lang='lat' dir='ltr'>regi</span> 
     </span>
     <span class='ocr_line' id='line_1_9' title="bbox 95 866 1671 922; baseline -0.003 -13"><span class='ocrx_word' id='word_1_58' title='bbox 95 868 146 909; x_wconf 91' lang='lat' dir='ltr'>de</span> <span class='ocrx_word' id='word_1_59' title='bbox 167 872 338 921; x_wconf 88' lang='lat' dir='ltr'>accepto</span> <span class='ocrx_word' id='word_1_60' title='bbox 368 882 442 922; x_wconf 87' lang='lat' dir='ltr'>per</span> <span class='ocrx_word' id='word_1_61' title='bbox 461 869 585 910; x_wconf 88' lang='lat' dir='ltr'>Card.</span> <span class='ocrx_word' id='word_1_62' title='bbox 611 869 661 910; x_wconf 89' lang='lat' dir='ltr'>de</span> <span class='ocrx_word' id='word_1_63' title='bbox 696 870 842 911; x_wconf 88' lang='lat' dir='ltr'>Bernis</span> <span class='ocrx_word' id='word_1_64' title='bbox 863 870 1034 911; x_wconf 89' lang='lat' dir='ltr'>consilio</span> <span class='ocrx_word' id='word_1_65' title='bbox 1071 870 1161 910; x_wconf 86' lang='lat' dir='ltr'>eius</span> <span class='ocrx_word' id='word_1_66' title='bbox 1183 869 1313 921; x_wconf 90' lang='lat' dir='ltr'>(circa</span> <span class='ocrx_word' id='word_1_67' title='bbox 1334 866 1671 920; x_wconf 78' lang='lat' dir='ltr'>suppressionem</span> 
     </span>
     <span class='ocr_line' id='line_1_10' title="bbox 98 936 1671 994; baseline -0.003 -14"><span class='ocrx_word' id='word_1_68' title='bbox 98 938 138 980; x_wconf 87' lang='lat' dir='ltr'>S.</span> <span class='ocrx_word' id='word_1_69' title='bbox 163 938 233 992; x_wconf 81' lang='lat' dir='ltr'>L),</span> <span class='ocrx_word' id='word_1_70' title='bbox 258 940 465 992; x_wconf 87' lang='lat' dir='ltr'>significat</span> <span class='ocrx_word' id='word_1_71' title='bbox 499 940 541 980; x_wconf 91' lang='lat' dir='ltr'>id</span> <span class='ocrx_word' id='word_1_72' title='bbox 563 941 641 981; x_wconf 91' lang='lat' dir='ltr'>sibi</span> <span class='ocrx_word' id='word_1_73' title='bbox 664 941 873 994; x_wconf 77' lang='lat' dir='ltr'>placuisse</span> <span class='ocrx_word' id='word_1_74' title='bbox 908 946 949 981; x_wconf 88' lang='lat' dir='ltr'>et</span> <span class='ocrx_word' id='word_1_75' title='bbox 970 941 1206 993; x_wconf 84' lang='lat' dir='ltr'>exspectari</span> <span class='ocrx_word' id='word_1_76' title='bbox 1240 954 1264 981; x_wconf 91' lang='lat' dir='ltr'>a</span> <span class='ocrx_word' id='word_1_77' title='bbox 1285 953 1328 980; x_wconf 87' lang='grc'>36</span> <span class='ocrx_word' id='word_1_78' title='bbox 1357 937 1600 979; x_wconf 85' lang='lat' dir='ltr'>memoriale</span> <span class='ocrx_word' id='word_1_79' title='bbox 1621 936 1671 976; x_wconf 86' lang='lat' dir='ltr'>de</span> 
     </span>
    </p>
   </div>
   <div class='ocr_carea' id='block_1_6' title="bbox 95 1010 1123 1120">
    <p class='ocr_par' dir='ltr' id='par_1_6' title="bbox 95 1010 1123 1120">
     <span class='ocr_line' id='line_1_11' title="bbox 96 1010 1123 1065; baseline 0 -14"><span class='ocrx_word' id='word_1_80' title='bbox 96 1010 242 1052; x_wconf 90' lang='lat' dir='ltr'>eodem</span> <span class='ocrx_word' id='word_1_81' title='bbox 262 1012 444 1064; x_wconf 86' lang='lat' dir='ltr'>negotio,</span> <span class='ocrx_word' id='word_1_82' title='bbox 468 1025 512 1052; x_wconf 88' lang='lat' dir='ltr'>se</span> <span class='ocrx_word' id='word_1_83' title='bbox 534 1016 677 1064; x_wconf 88' lang='lat' dir='ltr'>postea</span> <span class='ocrx_word' id='word_1_84' title='bbox 697 1012 775 1065; x_wconf 92' lang='lat' dir='ltr'>ipsi</span> <span class='ocrx_word' id='word_1_85' title='bbox 796 1012 1123 1053; x_wconf 86' lang='lat' dir='ltr'>satisfacturum.</span> 
     </span>
     <span class='ocr_line' id='line_1_12' title="bbox 95 1076 962 1120; baseline 0.001 -11"><span class='ocrx_word' id='word_1_86' title='bbox 95 1076 139 1110; x_wconf 78' lang='lat' dir='ltr'>R.</span> <span class='ocrx_word' id='word_1_87' title='bbox 156 1086 214 1118; x_wconf 85' lang='lat' dir='ltr'>ap.</span> <span class='ocrx_word' id='word_1_88' title='bbox 234 1076 270 1110; x_wconf 89' lang='lat' dir='ltr'>S.</span> <span class='ocrx_word' id='word_1_89' title='bbox 290 1077 338 1110; x_wconf 92' lang='lat' dir='ltr'>M.</span> <span class='ocrx_word' id='word_1_90' title='bbox 361 1076 411 1111; x_wconf 89' lang='lat' dir='ltr'>M.</span> <span class='ocrx_word' id='word_1_91' title='bbox 431 1088 482 1120; x_wconf 86' lang='lat' dir='ltr'>pr.</span> <span class='ocrx_word' id='word_1_92' title='bbox 503 1077 577 1112; x_wconf 79' lang='lat' dir='ltr'>kal.</span> <span class='ocrx_word' id='word_1_93' title='bbox 597 1078 675 1112; x_wconf 83' lang='lat' dir='ltr'>Oct.</span> <span class='ocrx_word' id='word_1_94' title='bbox 701 1081 781 1112; x_wconf 72' lang='lat'>1769</span> <span class='ocrx_word' id='word_1_95' title='bbox 796 1079 834 1112; x_wconf 83' lang='lat' dir='ltr'>P.</span> <span class='ocrx_word' id='word_1_96' title='bbox 857 1079 962 1112; x_wconf 67' lang='lat' dir='ltr'>÷1n.1.</span> 
     </span>
    </p>
   </div>
   <div class='ocr_carea' id='block_1_7' title="bbox 96 1201 1225 1245">
    <p class='ocr_par' dir='ltr' id='par_1_7' title="bbox 96 1201 1225 1245">
     <span class='ocr_line' id='line_1_13' title="bbox 96 1201 1225 1245; baseline 0.001 -11"><span class='ocrx_word' id='word_1_97' title='bbox 96 1201 264 1241; x_wconf 64' lang='lat' dir='ltr'>Tltez‘ner,</span> <span class='ocrx_word' id='word_1_98' title='bbox 288 1201 339 1235; x_wconf 71' lang='lat' dir='ltr'>Cb.</span> <span class='ocrx_word' id='word_1_99' title='bbox 361 1201 452 1235; x_wconf 85' lang='lat' dir='ltr'>XIV</span> <span class='ocrx_word' id='word_1_100' title='bbox 467 1202 511 1235; x_wconf 91' lang='lat' dir='ltr'>P.</span> <span class='ocrx_word' id='word_1_101' title='bbox 532 1202 580 1234; x_wconf 80' lang='lat' dir='ltr'>M.</span> <span class='ocrx_word' id='word_1_102' title='bbox 604 1203 776 1245; x_wconf 71' lang='lat' dir='ltr'>epistolae</span> <span class='ocrx_word' id='word_1_103' title='bbox 794 1209 826 1234; x_wconf 69' lang='lat' dir='ltr'>ct</span> <span class='ocrx_word' id='word_1_104' title='bbox 844 1202 981 1243; x_wconf 70' lang='lat' dir='ltr'>brevia,</span> <span class='ocrx_word' id='word_1_105' title='bbox 1006 1203 1098 1234; x_wconf 73' lang='lat'><strong>1852.</strong></span> <span class='ocrx_word' id='word_1_106' title='bbox 1120 1212 1151 1244; x_wconf 84' lang='lat' dir='ltr'>p.</span> <span class='ocrx_word' id='word_1_107' title='bbox 1173 1203 1225 1235; x_wconf 83' lang='lat'>31.</span> 
     </span>
    </p>
   </div>
   <div class='ocr_carea' id='block_1_8' title="bbox 92 1333 1675 1817">
    <p class='ocr_par' dir='ltr' id='par_1_8' title="bbox 92 1333 1675 1817">
     <span class='ocr_line' id='line_1_14' title="bbox 175 1333 1657 1387; baseline -0.004 -7"><span class='ocrx_word' id='word_1_108' title='bbox 175 1339 216 1380; x_wconf 76' lang='lat'>4.</span> <span class='ocrx_word' id='word_1_109' title='bbox 253 1339 445 1380; x_wconf 60' lang='lat' dir='ltr'>Solliciti</span> <span class='ocrx_word' id='word_1_110' title='bbox 463 1351 560 1380; x_wconf 73' lang='lat'><strong>7208.</strong></span> <span class='ocrx_word' id='word_1_111' title='bbox 580 1361 605 1366; x_wconf 96' lang='lat'><em>-</em></span> <span class='ocrx_word' id='word_1_112' title='bbox 625 1335 756 1378; x_wconf 90' lang='lat' dir='ltr'>Clem.</span> <span class='ocrx_word' id='word_1_113' title='bbox 776 1335 873 1376; x_wconf 86' lang='lat' dir='ltr'>XIV</span> <span class='ocrx_word' id='word_1_114' title='bbox 891 1335 1155 1376; x_wconf 83' lang='lat' dir='ltr'>Emmanueli</span> <span class='ocrx_word' id='word_1_115' title='bbox 1176 1335 1298 1376; x_wconf 87' lang='lat' dir='ltr'>Pinto</span> <span class='ocrx_word' id='word_1_116' title='bbox 1320 1335 1473 1387; x_wconf 87' lang='lat' dir='ltr'>hospit.</span> <span class='ocrx_word' id='word_1_117' title='bbox 1495 1334 1536 1375; x_wconf 88' lang='lat' dir='ltr'>S.</span> <span class='ocrx_word' id='word_1_118' title='bbox 1556 1333 1657 1375; x_wconf 78' lang='lat' dir='ltr'>Ioan</span> 
     </span>
     <span class='ocr_line' id='line_1_15' title="bbox 96 1406 1674 1460; baseline -0.002 -12"><span class='ocrx_word' id='word_1_119' title='bbox 96 1406 260 1448; x_wconf 78' lang='lat' dir='ltr'>Hieros.</span> <span class='ocrx_word' id='word_1_120' title='bbox 302 1420 450 1459; x_wconf 79' lang='lat' dir='ltr'>magno</span> <span class='ocrx_word' id='word_1_121' title='bbox 486 1408 697 1460; x_wconf 86' lang='lat' dir='ltr'>magistro,</span> <span class='ocrx_word' id='word_1_122' title='bbox 720 1421 841 1447; x_wconf 88' lang='lat' dir='ltr'>suum</span> <span class='ocrx_word' id='word_1_123' title='bbox 876 1406 1061 1447; x_wconf 87' lang='lat' dir='ltr'>studium</span> <span class='ocrx_word' id='word_1_124' title='bbox 1096 1406 1150 1447; x_wconf 90' lang='lat' dir='ltr'>ad</span> <span class='ocrx_word' id='word_1_125' title='bbox 1183 1406 1351 1459; x_wconf 88' lang='lat' dir='ltr'>pietatis</span> <span class='ocrx_word' id='word_1_126' title='bbox 1384 1418 1526 1458; x_wconf 85' lang='lat' dir='ltr'>opera,</span> <span class='ocrx_word' id='word_1_127' title='bbox 1549 1409 1674 1446; x_wconf 80' lang='lat' dir='ltr'>antea</span> 
     </span>
     <span class='ocr_line' id='line_1_16' title="bbox 93 1475 1674 1532; baseline -0.002 -13"><span class='ocrx_word' id='word_1_128' title='bbox 93 1491 166 1532; x_wconf 89' lang='lat' dir='ltr'>per</span> <span class='ocrx_word' id='word_1_129' title='bbox 186 1477 423 1519; x_wconf 75' lang='lat' dir='ltr'>sacerdotes</span> <span class='ocrx_word' id='word_1_130' title='bbox 458 1478 497 1520; x_wconf 87' lang='lat' dir='ltr'>S.</span> <span class='ocrx_word' id='word_1_131' title='bbox 522 1477 558 1519; x_wconf 92' lang='lat' dir='ltr'>I.</span> <span class='ocrx_word' id='word_1_132' title='bbox 583 1479 625 1519; x_wconf 92' lang='lat' dir='ltr'>in</span> <span class='ocrx_word' id='word_1_133' title='bbox 647 1478 785 1519; x_wconf 90' lang='lat' dir='ltr'>insula</span> <span class='ocrx_word' id='word_1_134' title='bbox 805 1478 950 1519; x_wconf 88' lang='lat' dir='ltr'>Melite</span> <span class='ocrx_word' id='word_1_135' title='bbox 985 1478 1187 1532; x_wconf 87' lang='lat' dir='ltr'>praestari</span> <span class='ocrx_word' id='word_1_136' title='bbox 1208 1477 1346 1528; x_wconf 83' lang='lat' dir='ltr'>solita,</span> <span class='ocrx_word' id='word_1_137' title='bbox 1369 1476 1435 1518; x_wconf 86' lang='lat' dir='ltr'>vel</span> <span class='ocrx_word' id='word_1_138' title='bbox 1455 1475 1674 1517; x_wconf 87' lang='lat' dir='ltr'>retinenda</span> 
     </span>
     <span class='ocr_line' id='line_1_17' title="bbox 93 1547 1672 1601; baseline -0.001 -11"><span class='ocrx_word' id='word_1_139' title='bbox 93 1550 160 1590; x_wconf 83' lang='lat' dir='ltr'>vel</span> <span class='ocrx_word' id='word_1_140' title='bbox 208 1549 397 1601; x_wconf 86' lang='lat' dir='ltr'>augenda</span> <span class='ocrx_word' id='word_1_141' title='bbox 437 1549 685 1601; x_wconf 84' lang='lat' dir='ltr'>declaranti,</span> <span class='ocrx_word' id='word_1_142' title='bbox 727 1551 952 1591; x_wconf 80' lang='lat' dir='ltr'>committit</span> <span class='ocrx_word' id='word_1_143' title='bbox 999 1549 1406 1590; x_wconf 86' lang='lat' dir='ltr'>administrationem</span> <span class='ocrx_word' id='word_1_144' title='bbox 1456 1547 1672 1599; x_wconf 87' lang='lat' dir='ltr'>ecclesiae,</span> 
     </span>
     <span class='ocr_line' id='line_1_18' title="bbox 93 1619 1674 1673; baseline -0.002 -12"><span class='ocrx_word' id='word_1_145' title='bbox 93 1620 257 1673; x_wconf 87' lang='lat' dir='ltr'>collegii</span> <span class='ocrx_word' id='word_1_146' title='bbox 292 1625 335 1661; x_wconf 89' lang='lat' dir='ltr'>et</span> <span class='ocrx_word' id='word_1_147' title='bbox 370 1620 571 1662; x_wconf 89' lang='lat' dir='ltr'>bonorum</span> <span class='ocrx_word' id='word_1_148' title='bbox 594 1622 780 1662; x_wconf 89' lang='lat' dir='ltr'>omnium</span> <span class='ocrx_word' id='word_1_149' title='bbox 817 1621 856 1663; x_wconf 88' lang='lat' dir='ltr'>S.</span> <span class='ocrx_word' id='word_1_150' title='bbox 881 1621 916 1662; x_wconf 92' lang='lat' dir='ltr'>I.</span> <span class='ocrx_word' id='word_1_151' title='bbox 941 1621 1065 1662; x_wconf 90' lang='lat' dir='ltr'>simul</span> <span class='ocrx_word' id='word_1_152' title='bbox 1100 1626 1142 1662; x_wconf 88' lang='lat' dir='ltr'>et</span> <span class='ocrx_word' id='word_1_153' title='bbox 1177 1619 1552 1673; x_wconf 82' lang='lat' dir='ltr'>praedicationem,</span> <span class='ocrx_word' id='word_1_154' title='bbox 1576 1619 1674 1659; x_wconf 88' lang='lat' dir='ltr'>mis-</span> 
     </span>
     <span class='ocr_line' id='line_1_19' title="bbox 92 1690 1674 1744; baseline -0.002 -12"><span class='ocrx_word' id='word_1_155' title='bbox 92 1692 244 1744; x_wconf 85' lang='lat' dir='ltr'>siones,</span> <span class='ocrx_word' id='word_1_156' title='bbox 268 1693 625 1744; x_wconf 81' lang='lat' dir='ltr'>congregationes,</span> <span class='ocrx_word' id='word_1_157' title='bbox 646 1692 810 1734; x_wconf 85' lang='lat' dir='ltr'>scholas</span> <span class='ocrx_word' id='word_1_158' title='bbox 831 1708 839 1743; x_wconf 91' lang='lat'>;</span> <span class='ocrx_word' id='word_1_159' title='bbox 858 1692 1008 1733; x_wconf 88' lang='lat' dir='ltr'>illaesa</span> <span class='ocrx_word' id='word_1_160' title='bbox 1028 1692 1117 1733; x_wconf 88' lang='lat' dir='ltr'>vult</span> <span class='ocrx_word' id='word_1_161' title='bbox 1132 1705 1258 1732; x_wconf 86' lang='lat' dir='ltr'>onera</span> <span class='ocrx_word' id='word_1_162' title='bbox 1278 1691 1399 1731; x_wconf 87' lang='lat' dir='ltr'>bonis</span> <span class='ocrx_word' id='word_1_163' title='bbox 1424 1690 1509 1730; x_wconf 93' lang='lat' dir='ltr'>illis</span> <span class='ocrx_word' id='word_1_164' title='bbox 1530 1690 1674 1730; x_wconf 89' lang='lat' dir='ltr'>inhae-</span> 
     </span>
     <span class='ocr_line' id='line_1_20' title="bbox 93 1762 1675 1817; baseline -0.001 -14"><span class='ocrx_word' id='word_1_165' title='bbox 93 1764 245 1815; x_wconf 89' lang='lat' dir='ltr'>rentia,</span> <span class='ocrx_word' id='word_1_166' title='bbox 268 1763 489 1815; x_wconf 88' lang='lat' dir='ltr'>pensiones</span> <span class='ocrx_word' id='word_1_167' title='bbox 509 1764 801 1817; x_wconf 81' lang='lat' dir='ltr'>superstitibus</span> <span class='ocrx_word' id='word_1_168' title='bbox 823 1764 946 1804; x_wconf 88' lang='lat' dir='ltr'>sociis</span> <span class='ocrx_word' id='word_1_169' title='bbox 967 1763 1131 1804; x_wconf 83' lang='lat' dir='ltr'>debitas</span> <span class='ocrx_word' id='word_1_170' title='bbox 1147 1769 1189 1804; x_wconf 87' lang='lat' dir='ltr'>et</span> <span class='ocrx_word' id='word_1_171' title='bbox 1210 1763 1301 1803; x_wconf 83' lang='lat' dir='ltr'>iura</span> <span class='ocrx_word' id='word_1_172' title='bbox 1324 1775 1495 1803; x_wconf 83' lang='lat' dir='ltr'>mensae</span> <span class='ocrx_word' id='word_1_173' title='bbox 1516 1762 1675 1814; x_wconf 82' lang='lat' dir='ltr'>episco-</span> 
     </span>
    </p>
   </div>
   <div class='ocr_carea' id='block_1_9' title="bbox 89 1834 934 1943">
    <p class='ocr_par' dir='ltr' id='par_1_9' title="bbox 89 1834 934 1943">
     <span class='ocr_line' id='line_1_21' title="bbox 93 1834 785 1887; baseline 0.001 -13"><span class='ocrx_word' id='word_1_174' title='bbox 93 1834 200 1887; x_wconf 89' lang='lat' dir='ltr'>palis</span> <span class='ocrx_word' id='word_1_175' title='bbox 220 1838 293 1875; x_wconf 85' lang='lat' dir='ltr'>aut</span> <span class='ocrx_word' id='word_1_176' title='bbox 314 1835 527 1876; x_wconf 83' lang='lat' dir='ltr'>seminarii</span> <span class='ocrx_word' id='word_1_177' title='bbox 556 1834 785 1876; x_wconf 85' lang='lat' dir='ltr'>clericales.</span> 
     </span>
     <span class='ocr_line' id='line_1_22' title="bbox 89 1900 934 1943; baseline 0.001 -8"><span class='ocrx_word' id='word_1_178' title='bbox 89 1900 127 1935; x_wconf 87' lang='lat' dir='ltr'>In</span> <span class='ocrx_word' id='word_1_179' title='bbox 147 1911 228 1935; x_wconf 84' lang='lat' dir='ltr'>arce</span> <span class='ocrx_word' id='word_1_180' title='bbox 247 1901 454 1943; x_wconf 85' lang='lat' dir='ltr'>Gandulphi</span> <span class='ocrx_word' id='word_1_181' title='bbox 477 1901 545 1935; x_wconf 84' lang='lat' dir='ltr'>XX</span> <span class='ocrx_word' id='word_1_182' title='bbox 565 1901 642 1935; x_wconf 88' lang='lat' dir='ltr'>Oct.</span> <span class='ocrx_word' id='word_1_183' title='bbox 667 1903 750 1935; x_wconf 76' lang='lat'>1760</span> <span class='ocrx_word' id='word_1_184' title='bbox 771 1901 810 1935; x_wconf 84' lang='grc' dir='ltr'>Ρ.</span> <span class='ocrx_word' id='word_1_185' title='bbox 830 1912 888 1934; x_wconf 76' lang='lat' dir='ltr'>an.</span> <span class='ocrx_word' id='word_1_186' title='bbox 908 1902 934 1936; x_wconf 91' lang='grc' dir='ltr'>Ι.</span> 
     </span>
    </p>
   </div>
   <div class='ocr_carea' id='block_1_10' title="bbox 94 2024 548 2069">
    <p class='ocr_par' dir='ltr' id='par_1_10' title="bbox 94 2024 548 2069">
     <span class='ocr_line' id='line_1_23' title="bbox 94 2024 548 2069; baseline 0.004 -11"><span class='ocrx_word' id='word_1_187' title='bbox 94 2024 267 2066; x_wconf 77' lang='lat' dir='ltr'>Theiner,</span> <span class='ocrx_word' id='word_1_188' title='bbox 286 2037 342 2069; x_wconf 82' lang='lat' dir='ltr'>op.</span> <span class='ocrx_word' id='word_1_189' title='bbox 362 2028 421 2059; x_wconf 79' lang='lat' dir='ltr'>cic.</span> <span class='ocrx_word' id='word_1_190' title='bbox 442 2037 475 2068; x_wconf 85' lang='lat' dir='ltr'>p.</span> <span class='ocrx_word' id='word_1_191' title='bbox 495 2028 548 2060; x_wconf 88' lang='lat'>33.</span> 
     </span>
    </p>
   </div>
   <div class='ocr_carea' id='block_1_11' title="bbox 89 2158 1679 2425">
    <p class='ocr_par' dir='ltr' id='par_1_11' title="bbox 89 2158 1679 2425">
     <span class='ocr_line' id='line_1_24' title="bbox 168 2158 1676 2216; baseline -0.004 -11"><span class='ocrx_word' id='word_1_192' title='bbox 168 2164 210 2207; x_wconf 84' lang='lat'>5.</span> <span class='ocrx_word' id='word_1_193' title='bbox 238 2165 437 2209; x_wconf 63' lang='lat' dir='ltr'>Quadora</span> <span class='ocrx_word' id='word_1_194' title='bbox 459 2164 489 2203; x_wconf 76' lang='grc' dir='ltr'>ῑί</span> <span class='ocrx_word' id='word_1_195' title='bbox 508 2169 670 2216; x_wconf 57' lang='lat' dir='ltr'>sepnor</span> <span class='ocrx_word' id='word_1_196' title='bbox 690 2163 1025 2204; x_wconf 62' lang='lat' dir='ltr'>conaemlatore.</span> <span class='ocrx_word' id='word_1_197' title='bbox 1046 2158 1217 2201; x_wconf 87' lang='lat' dir='ltr'>-Clem.</span> <span class='ocrx_word' id='word_1_198' title='bbox 1233 2158 1332 2200; x_wconf 82' lang='lat' dir='ltr'>XIV</span> <span class='ocrx_word' id='word_1_199' title='bbox 1347 2158 1676 2200; x_wconf 85' lang='lat' dir='ltr'>commendatori</span> 
     </span>
     <span class='ocr_line' id='line_1_25' title="bbox 89 2230 1673 2285; baseline -0.003 -11"><span class='ocrx_word' id='word_1_200' title='bbox 89 2233 283 2285; x_wconf 86' lang='lat' dir='ltr'>Almada,</span> <span class='ocrx_word' id='word_1_201' title='bbox 324 2231 556 2272; x_wconf 90' lang='lat' dir='ltr'>fidelissimi</span> <span class='ocrx_word' id='word_1_202' title='bbox 591 2232 698 2283; x_wconf 90' lang='lat' dir='ltr'>regis</span> <span class='ocrx_word' id='word_1_203' title='bbox 734 2230 845 2283; x_wconf 85' lang='lat' dir='ltr'>apud</span> <span class='ocrx_word' id='word_1_204' title='bbox 880 2230 920 2272; x_wconf 92' lang='lat' dir='ltr'>S.</span> <span class='ocrx_word' id='word_1_205' title='bbox 955 2230 1103 2272; x_wconf 86' lang='lat' dir='ltr'>Sedem</span> <span class='ocrx_word' id='word_1_206' title='bbox 1140 2231 1242 2271; x_wconf 89' lang='lat' dir='ltr'>min.</span> <span class='ocrx_word' id='word_1_207' title='bbox 1282 2230 1673 2283; x_wconf 78' lang='lat' dir='ltr'>plenipotentiario,</span> 
     </span>
     <span class='ocr_line' id='line_1_26' title="bbox 89 2300 1679 2356; baseline -0.002 -12"><span class='ocrx_word' id='word_1_208' title='bbox 89 2303 297 2356; x_wconf 88' lang='lat' dir='ltr'>significat</span> <span class='ocrx_word' id='word_1_209' title='bbox 319 2316 363 2344; x_wconf 90' lang='lat' dir='ltr'>se</span> <span class='ocrx_word' id='word_1_210' title='bbox 383 2307 578 2356; x_wconf 88' lang='lat' dir='ltr'>paratum</span> <span class='ocrx_word' id='word_1_211' title='bbox 614 2316 744 2355; x_wconf 88' lang='lat' dir='ltr'>quum</span> <span class='ocrx_word' id='word_1_212' title='bbox 766 2302 974 2354; x_wconf 87' lang='lat' dir='ltr'>placuerit</span> <span class='ocrx_word' id='word_1_213' title='bbox 1007 2303 1046 2343; x_wconf 89' lang='lat' dir='ltr'>ei</span> <span class='ocrx_word' id='word_1_214' title='bbox 1068 2301 1120 2342; x_wconf 89' lang='lat' dir='ltr'>ad</span> <span class='ocrx_word' id='word_1_215' title='bbox 1141 2302 1299 2354; x_wconf 85' lang='lat' dir='ltr'>gratias</span> <span class='ocrx_word' id='word_1_216' title='bbox 1320 2300 1504 2353; x_wconf 86' lang='lat' dir='ltr'>agendas</span> <span class='ocrx_word' id='word_1_217' title='bbox 1530 2300 1615 2352; x_wconf 88' lang='lat' dir='ltr'>regi</span> <span class='ocrx_word' id='word_1_218' title='bbox 1636 2304 1679 2341; x_wconf 92' lang='lat' dir='ltr'>et</span> 
     </span>
     <span class='ocr_line' id='line_1_27' title="bbox 89 2371 1678 2425; baseline -0.002 -10"><span class='ocrx_word' id='word_1_219' title='bbox 89 2375 280 2415; x_wconf 87' lang='lat' dir='ltr'>ministro</span> <span class='ocrx_word' id='word_1_220' title='bbox 302 2375 392 2414; x_wconf 88' lang='lat' dir='ltr'>eius</span> <span class='ocrx_word' id='word_1_221' title='bbox 412 2372 655 2425; x_wconf 83' lang='lat' dir='ltr'>Caravaglio</span> <span class='ocrx_word' id='word_1_222' title='bbox 673 2373 723 2413; x_wconf 85' lang='lat' dir='ltr'>de</span> <span class='ocrx_word' id='word_1_223' title='bbox 745 2373 941 2413; x_wconf 85' lang='lat' dir='ltr'>restituta</span> <span class='ocrx_word' id='word_1_224' title='bbox 958 2374 1218 2414; x_wconf 88' lang='lat' dir='ltr'>nuntiatura.</span> <span class='ocrx_word' id='word_1_225' title='bbox 1238 2372 1346 2414; x_wconf 83' lang='lat' dir='ltr'>Rem</span> <span class='ocrx_word' id='word_1_226' title='bbox 1366 2372 1445 2425; x_wconf 90' lang='lat' dir='ltr'>ipsi</span> <span class='ocrx_word' id='word_1_227' title='bbox 1466 2371 1678 2413; x_wconf 90' lang='lat' dir='ltr'>confiden-</span> 
     </span>
    </p>
   </div>
   <div class='ocr_carea' id='block_1_12' title="bbox 88 2444 988 2550">
    <p class='ocr_par' dir='ltr' id='par_1_12' title="bbox 88 2444 988 2550">
     <span class='ocr_line' id='line_1_28' title="bbox 88 2444 988 2497; baseline -0.003 -11"><span class='ocrx_word' id='word_1_228' title='bbox 88 2445 245 2486; x_wconf 86' lang='lat' dir='ltr'>tialiter</span> <span class='ocrx_word' id='word_1_229' title='bbox 265 2445 504 2495; x_wconf 89' lang='lat' dir='ltr'>committit,</span> <span class='ocrx_word' id='word_1_230' title='bbox 528 2448 738 2485; x_wconf 87' lang='lat' dir='ltr'>secretum</span> <span class='ocrx_word' id='word_1_231' title='bbox 760 2444 988 2497; x_wconf 88' lang='lat' dir='ltr'>postulans.</span> 
     </span>
     <span class='ocr_line' id='line_1_29' title="bbox 89 2510 642 2550; baseline -0.004 -6"><span class='ocrx_word' id='word_1_232' title='bbox 89 2511 155 2544; x_wconf 85' lang='lat' dir='ltr'>Dal</span> <span class='ocrx_word' id='word_1_233' title='bbox 173 2510 362 2550; x_wconf 85' lang='lat' dir='ltr'>Quirinale</span> <span class='ocrx_word' id='word_1_234' title='bbox 379 2512 420 2545; x_wconf 80' lang='lat'>28</span> <span class='ocrx_word' id='word_1_235' title='bbox 439 2511 525 2543; x_wconf 84' lang='lat' dir='ltr'>Nov.</span> <span class='ocrx_word' id='word_1_236' title='bbox 548 2512 642 2543; x_wconf 83' lang='lat'><strong>1769.</strong></span> 
     </span>
    </p>
   </div>
   <div class='ocr_carea' id='block_1_13' title="bbox 1039 2633 1672 2677">
    <p class='ocr_par' dir='ltr' id='par_1_13' title="bbox 1039 2633 1672 2677">
     <span class='ocr_line' id='line_1_30' title="bbox 1039 2633 1672 2677; baseline 0.002 -10"><span class='ocrx_word' id='word_1_237' title='bbox 1039 2633 1153 2668; x_wconf 76' lang='lat' dir='ltr'>Arch.</span> <span class='ocrx_word' id='word_1_238' title='bbox 1171 2634 1393 2675; x_wconf 69' lang='lat' dir='ltr'>Stonyhurst</span> <span class='ocrx_word' id='word_1_239' title='bbox 1408 2634 1480 2676; x_wconf 66' lang='lat' dir='ltr'>(eoo.</span> <span class='ocrx_word' id='word_1_240' title='bbox 1499 2634 1672 2677; x_wconf 74' lang='lat' dir='ltr'>lithoyr.).</span> 
     </span>
    </p>
   </div>
   <div class='ocr_carea' id='block_1_14' title="bbox 90 2766 1674 3034">
    <p class='ocr_par' dir='ltr' id='par_1_14' title="bbox 90 2766 1674 3034">
     <span class='ocr_line' id='line_1_31' title="bbox 171 2766 1674 2822; baseline -0.003 -7"><span class='ocrx_word' id='word_1_241' title='bbox 171 2773 215 2815; x_wconf 72' lang='lat'>(3.</span> <span class='ocrx_word' id='word_1_242' title='bbox 248 2776 486 2814; x_wconf 66' lang='lat' dir='ltr'>Sclmz&#39;amo</span> <span class='ocrx_word' id='word_1_243' title='bbox 506 2775 677 2813; x_wconf 73' lang='lat' dir='ltr'>nostro.</span> <span class='ocrx_word' id='word_1_244' title='bbox 700 2793 726 2798; x_wconf 97' lang='lat'>—</span> <span class='ocrx_word' id='word_1_245' title='bbox 747 2767 882 2809; x_wconf 87' lang='lat' dir='ltr'>Clem.</span> <span class='ocrx_word' id='word_1_246' title='bbox 908 2766 1005 2808; x_wconf 91' lang='lat' dir='ltr'>XIV</span> <span class='ocrx_word' id='word_1_247' title='bbox 1030 2767 1182 2810; x_wconf 86' lang='lat' dir='ltr'>Carolo</span> <span class='ocrx_word' id='word_1_248' title='bbox 1218 2768 1336 2822; x_wconf 90' lang='lat' dir='ltr'>Hisp.</span> <span class='ocrx_word' id='word_1_249' title='bbox 1361 2770 1448 2822; x_wconf 88' lang='lat' dir='ltr'>regi</span> <span class='ocrx_word' id='word_1_250' title='bbox 1470 2769 1674 2811; x_wconf 85' lang='lat' dir='ltr'>catholico</span> 
     </span>
     <span class='ocr_line' id='line_1_32' title="bbox 92 2838 1672 2893; baseline 0 -12"><span class='ocrx_word' id='word_1_251' title='bbox 92 2840 300 2893; x_wconf 87' lang='lat' dir='ltr'>significat</span> <span class='ocrx_word' id='word_1_252' title='bbox 320 2841 595 2881; x_wconf 88' lang='lat' dir='ltr'>intentionem</span> <span class='ocrx_word' id='word_1_253' title='bbox 629 2853 747 2880; x_wconf 84' lang='lat' dir='ltr'>suam</span> <span class='ocrx_word' id='word_1_254' title='bbox 769 2838 1032 2891; x_wconf 87' lang='lat' dir='ltr'>adimplendi</span> <span class='ocrx_word' id='word_1_255' title='bbox 1068 2852 1118 2879; x_wconf 90' lang='lat' dir='ltr'>ea</span> <span class='ocrx_word' id='word_1_256' title='bbox 1141 2839 1193 2880; x_wconf 89' lang='lat' dir='ltr'>ad</span> <span class='ocrx_word' id='word_1_257' title='bbox 1229 2852 1335 2893; x_wconf 89' lang='lat' dir='ltr'>quae</span> <span class='ocrx_word' id='word_1_258' title='bbox 1365 2839 1574 2892; x_wconf 87' lang='lat' dir='ltr'>obligatus</span> <span class='ocrx_word' id='word_1_259' title='bbox 1594 2845 1672 2892; x_wconf 83' lang='lat' dir='ltr'>est,</span> 
     </span>
     <span class='ocr_line' id='line_1_33' title="bbox 90 2909 1673 2966; baseline -0.001 -14"><span class='ocrx_word' id='word_1_260' title='bbox 90 2911 228 2964; x_wconf 85' lang='lat' dir='ltr'>colligi</span> <span class='ocrx_word' id='word_1_261' title='bbox 262 2925 287 2952; x_wconf 88' lang='lat' dir='ltr'>a</span> <span class='ocrx_word' id='word_1_262' title='bbox 307 2925 351 2952; x_wconf 89' lang='lat' dir='ltr'>se</span> <span class='ocrx_word' id='word_1_263' title='bbox 385 2911 636 2952; x_wconf 88' lang='lat' dir='ltr'>documenta</span> <span class='ocrx_word' id='word_1_264' title='bbox 668 2909 820 2962; x_wconf 87' lang='lat' dir='ltr'>quibus</span> <span class='ocrx_word' id='word_1_265' title='bbox 845 2909 996 2950; x_wconf 86' lang='lat' dir='ltr'>formet</span> <span class='ocrx_word' id='word_1_266' title='bbox 1033 2923 1157 2950; x_wconf 90' lang='lat' dir='ltr'>suum</span> <span class='ocrx_word' id='word_1_267' title='bbox 1189 2917 1313 2953; x_wconf 76' lang='lat' dir='ltr'>mocu-</span> <span class='ocrx_word' id='word_1_268' title='bbox 1327 2914 1539 2966; x_wconf 74' lang='lat' dir='ltr'>proprio,</span> <span class='ocrx_word' id='word_1_269' title='bbox 1563 2911 1673 2952; x_wconf 89' lang='lat' dir='ltr'>unde</span> 
     </span>
     <span class='ocr_line' id='line_1_34' title="bbox 90 2979 1668 3034; baseline -0.001 -11"><span class='ocrx_word' id='word_1_270' title='bbox 90 2982 299 3025; x_wconf 83' lang='lat' dir='ltr'>constabit</span> <span class='ocrx_word' id='word_1_271' title='bbox 333 2982 506 3023; x_wconf 87' lang='lat' dir='ltr'>iesuitas</span> <span class='ocrx_word' id='word_1_272' title='bbox 535 2994 558 3021; x_wconf 93' lang='lat' dir='ltr'>e</span> <span class='ocrx_word' id='word_1_273' title='bbox 592 2994 717 3033; x_wconf 85' lang='lat' dir='ltr'>regno</span> <span class='ocrx_word' id='word_1_274' title='bbox 750 2979 980 3034; x_wconf 79' lang='lat' dir='ltr'>Hispaniae</span> <span class='ocrx_word' id='word_1_275' title='bbox 1017 2980 1234 3033; x_wconf 85' lang='lat' dir='ltr'>sapienter</span> <span class='ocrx_word' id='word_1_276' title='bbox 1267 2980 1396 3021; x_wconf 86' lang='lat' dir='ltr'>fuisse</span> <span class='ocrx_word' id='word_1_277' title='bbox 1440 2980 1668 3034; x_wconf 79' lang='lat' dir='ltr'>expulsos3</span> 
     </span>
    </p>
   </div>
  </div>
 </body>
</html>
