1989 3252
97 208 242 252 Clem.
262 207 348 252 XI.
756 228 810 233 —-
836 205 916 245 447
947 228 1000 234 —
1147 219 1152 222 ·
1553 204 1681 248 1717.

100 292 274 334 nardino
296 291 507 333 Solorzani
529 291 646 332 Proc.
670 304 763 344 gen.
787 304 903 343 [αι-ον.
929 290 970 332 S.
994 289 1140 331 Ioann.
1164 289 1287 342 Bapt.
1311 289 1358 330 Ο.
1382 288 1530 330 Praed.
1562 290 1677 342 regni

100 363 295 414 Peruani,
314 362 457 404 relatis
472 363 598 403 variis
615 362 793 403 decretis
815 363 926 402 circa
942 361 1219 414 parochorum
1240 362 1305 401 ius
1327 373 1451 413 super
1471 360 1619 401 funera
1634 363 1679 401 in

100 433 285 475 ecclesiis
301 433 572 486 regularium,
585 431 804 473 confirmat
823 438 981 472 auctor.
1001 435 1137 484 apost.
1157 431 1369 471 decretum
1387 428 1534 483 Congr.
1554 417 1678 483 nego-

98 505 170 546 tiis
189 505 477 557 episcoporum
499 508 541 544 et
560 502 690 555 regul.
714 503 992 555 praepositae,
1015 503 1068 542 24
1099 506 1198 554 Apr.
1227 502 1346 552 1617,
1371 514 1451 554 quo
1482 506 1679 542 censetur

100 575 236 616 danda
256 587 347 615 esse
367 574 534 615 decreta
555 573 661 614 alias
695 573 808 614 edita
828 581 870 613 et
905 573 1119 625 signanter
1138 571 1243 612 illud
1262 576 1504 612 emanatum
1528 573 1551 611 6
1577 570 1679 613 Maii

101 646 208 687 1672
227 645 280 686 ad
300 645 541 686 instantiam
565 643 689 697 Alph.
713 643 764 684 de
784 642 959 683 Alarcos
980 642 1098 683 Proc.
1125 655 1218 694 gen.
1244 641 1366 694 Hisp.
1389 646 1432 683 et
1452 641 1545 682 Ind.
1571 641 1613 683 S.
1636 640 1672 683 I.

98 710 145 746 R.
162 721 220 754 ap.
240 711 278 745 s.
297 711 346 744 M.
368 710 417 743 Μ.
435 710 483 745 111
501 710 580 745 Iun.
600 712 685 744 1716
705 709 743 743 e.
763 719 821 742 an.
843 708 941 743 xvi

99 818 194 854 Nov.
214 820 300 853 buu.
320 819 354 853 S.
379 818 405 853 I.
424 820 499 854 203.

183 928 241 972 96
289 927 338 967 A.
371 917 501 967 F.'R.
535 925 592 966 M.
620 933 725 970 C'zmz
748 941 828 969 nos
847 940 930 981 per
951 930 1149 967 noslras.
1173 948 1198 953 —
1218 923 1352 964 Clem.
1375 921 1434 963 XI
1462 923 1505 963 in
1527 923 1678 964 solem-

101 997 224 1039 nibus
245 997 566 1038 beatificationis
587 998 630 1036 in
652 996 803 1049 oppido
824 995 875 1036 de
898 995 1182 1036 Foncouverte
1203 993 1444 1035 Narbonen.
1467 993 1620 1045 dioec.,
1638 994 1679 1033 in

103 1082 208 1122 pago
227 1068 443 1109 Lalovesci
463 1066 663 1108 Viennen.
684 1066 835 1118 dioec„
854 1068 896 1107 in
917 1067 997 1107 civ,
1024 1066 1214 1106 Anicien.
1233 1070 1276 1105 et
1296 1065 1337 1104 in
1359 1065 1556 1105 universa
1578 1063 1619 1104 S.
1639 1063 1674 1103 I.

102 1139 364 1181 celebrandis
384 1138 687 1190 indulgentiam
710 1137 820 1191 plen.
843 1137 1047 1178 concedit.
1072 1136 1152 1177 Pro
1174 1137 1298 1176 unica
1317 1136 1422 1175 vice.

99 1204 143 1240 R·
164 1217 209 1248 ap
243 1204 278 1239 S.
298 1204 346 1239 M.
369 1205 418 1239 M.
438 1203 523 1238 XVI
543 1204 617 1237 lun.
642 1206 724 1238 1716
745 1204 782 1236 Ρ.
805 1215 863 1237 an.
889 1203 988 1237 XVI.

102 1314 245 1349 Relatio
264 1320 471 1348 actorum...
490 1312 621 1353 Roma,
642 1314 737 1349 1717.
758 1324 791 1355 p.
812 1314 864 1345 33.

185 1424 258 1467 97.
293 1422 418 1474 Cong.
444 1420 484 1462 S.
508 1420 594 1462 Rit.
619 1444 643 1450 -
664 1419 880 1461 Brixinen.
905 1420 1095 1460 Officium
1125 1418 1165 1460 S.
1190 1419 1367 1460 Pirmini
1390 1420 1433 1459 in
1455 1418 1558 1459 eccl.
1582 1417 1623 1459 S.
1650 1419 1680 1459 1.

104 1492 410 1546 Oenipontana‚
434 1493 469 1532 si
490 1497 680 1532 occurrat
707 1504 857 1532 comm.
883 1490 953 1532 fid.
978 1490 1160 1531 defunct.
1187 1492 1211 1532 3
1244 1490 1366 1539 Nov.‚
1385 1503 1474 1531 esse
1505 1490 1683 1530 transfe-

104 1564 295 1606 rendum.

107 1634 143 1664 ll
164 1631 228 1665 Iul.
249 1632 346 1665 1716.

71 1749 75 1752 ·
106 1740 320 1774 Gardellini
343 1741 440 1774 3887.

186 1862 258 1904 98.
294 1867 399 1903 Cam
415 1875 708 1915 per-suasum.
734 1882 758 1887 -
779 1857 909 1899 Clem.
935 1856 993 1897 XI
1024 1857 1219 1910 episcopo
1250 1856 1490 1896 Passavien.
1524 1859 1682 1906 gratam

105 1931 192 1972 iore
211 1944 379 1983 operam
402 1929 603 1970 Bernardi
624 1930 810 1970 Cerronii
832 1933 873 1969 et
894 1928 1047 1981 Ignatii
1068 1927 1245 1968 Grembs
1268 1927 1310 1967 S.
1335 1926 1370 1966 I.
1401 1925 1589 1977 confidit,
1613 1926 1683 1978 qui

106 2015 245 2044 sacras
279 2002 497 2041 missiones
532 2001 575 2040 in
609 2000 704 2040 aliis
738 1999 988 2039 Germaniae
1023 1998 1284 2038 dioecesibus
1320 1997 1440 2037 uberi
1476 2001 1680 2048 proventu

106 2076 357 2126 peregerunt
377 2084 530 2124 easque
551 2071 679 2111 etiam
702 2071 744 2110 in
765 2070 854 2109 eius
876 2069 1053 2109 dioecesi
1075 2068 1229 2109 habere
1251 2072 1487 2120 peroptant.

105 2138 149 2173 R.
170 2138 235 2173 VH
251 2138 326 2172 Ian.
350 2140 442 2171 1717.

109 2247 221 2284 clem.
240 2247 352 2281 XI
387 2249 490 2290 epist.

189 2368 262 2411 99.
298 2371 565 2422 Perspectus
585 2369 925 2407 Fraternc'tate's.
951 2387 976 2393 -
996 2362 1126 2403 Clem.
1146 2360 1206 2401 XI
1241 2361 1420 2402 Antonio
1455 2360 1683 2412 archiepis-

108 2451 212 2491 copo
240 2437 523 2489 Salisburgen.
547 2434 810 2477 commendat
847 2439 893 2474 ut
926 2434 1104 2485 benigne
1135 2432 1319 2484 excipiat
1349 2438 1390 2472 et
1419 2431 1683 2472 auctoritatis

108 2509 331 2563 praesidio,
353 2507 426 2549 ubi
444 2521 509 2548 res
529 2506 730 2560 postulet,
752 2506 892 2546 foveat
912 2504 1036 2545 Bern.
1059 2504 1311 2544 Cerroneum
1333 2509 1375 2543 et
1397 2500 1485 2554 Ign.
1506 2500 1684 2541 Grembs

109 2579 151 2622 S.
173 2579 208 2621 I.
233 2581 276 2620 in
295 2579 424 2620 sacris
445 2577 714 2619 missionibus
734 2574 953 2616 habendis.

107 2645 152 2681 R.
172 2645 238 2681 VII
253 2645 331 2680 Ian.
353 2646 449 2679 1717.

111 2755 223 2789 Clem.
243 2754 338 2789 XI...
357 2756 462 2795 epist.

193 2876 291 2921 100.
327 2880 553 2919 Pater-nae
570 2876 801 2918 charitati.
816 2897 841 2903 -
853 2871 984 2913 Clem.
998 2867 1058 2911 XI
1074 2868 1384 2922 archiepiscopo
1399 2865 1686 2920 Burdigalen.,

110 2949 301 3000 exposita
321 2946 575 3000 subrepticia
595 2945 830 2998 provisione
852 2957 935 2997 qua
953 2941 1153 2984 nonnulla
1174 2939 1380 2982 beneficia
1400 2939 1687 2981 ecclesiastica

112 3019 380 3072 collegiorum
400 3018 441 3060 S.
465 3017 498 3060 I.
522 3018 616 3058 istic
635 3016 715 3058 sibi
735 3015 916 3057 conferri
938 3019 980 3055 et
1005 3026 1209 3066 occupare
1231 3010 1481 3053 studuerunt
1510 3009 1689 3064 improbi
