1989 3252
121 222 258 277 Greg.
282 222 418 266 XIII.
789 244 844 250 —-
873 220 952 260 515
981 244 1036 251 —
1568 218 1698 262 1570.

203 307 295 353 32³
326 312 514 351 Nullum
527 312 677 364 potest
697 321 791 349 esse
837 330 863 335 -
892 305 1017 358 Greg.
1042 305 1145 346 XIII
1183 305 1473 346 Maximiliano
1495 303 1633 356 Hung.
1658 308 1701 344 et

123 379 294 419 them.
319 379 406 430 regi
428 377 583 418 illustri
604 377 647 416 in
667 375 789 416 Rom.
814 375 919 428 Imp.
948 376 1081 416 electo
1103 375 1288 416 tributae
1309 389 1334 416 a
1356 375 1442 416 Deo
1477 375 1697 426 potestatis

122 463 243 490 usum
265 448 531 490 commendat
550 449 592 488 in
614 446 768 488 abbate
792 446 990 487 Fuldensi
1013 446 1184 497 tuendo,
1207 446 1278 499 qui
1296 446 1430 486 minas
1447 445 1606 497 patitur
1621 445 1701 484 nisi

125 519 430 561 confessionem
452 519 735 570 Augustanam
759 518 975 570 permittat
990 522 1031 557 et
1048 516 1188 570 presb.
1208 516 1248 558 S.
1273 516 1308 558 I.
1329 516 1469 557 eiiciat
1489 530 1498 566 ;
1517 514 1702 556 declarat

125 591 233 631 hanc
252 603 278 630 a
298 603 414 630 conc.
438 589 626 630 Trident.
645 588 922 641 approbatam
943 589 1115 642 eiusque
1133 588 1296 628 sodales
1313 588 1355 627 in
1371 586 1586 639 religionis
1605 599 1702 626 con-

125 661 268 702 cordia
287 673 312 701 a
332 659 452 701 Rom.
475 659 657 713 Imperio
678 660 908 700 constituta
928 658 1241 711 comprehendi.

127 727 167 762 R.
187 739 246 769 ap.
266 726 301 760 S.
323 726 363 760 P.
383 726 470 761 XIII
486 726 591 760 Febr.
616 728 699 760 1574
718 725 756 759 P.
778 736 836 759 an.
855 725 898 759 ΙΙ.

129 834 294 874 Theium»,
314 845 404 868 ann.
424 833 505 867 eccl.
526 835 575 866 ad
592 836 628 867 h.
647 844 682 867 a.
705 844 739 867 n.
760 835 813 867 35.

209 954 301 999 :382
333 961 600 1009 Accepimus
621 955 884 996 Elector-em.
905 976 930 981 -
952 950 1076 1004 Greg.
1100 948 1205 990 XIII
1240 946 1504 988 Ferdinando
1540 947 1702 988 archid.

128 1025 323 1066 Austriae
357 1023 622 1065 commendat
661 1026 708 1063 ut
747 1036 843 1063 cum
884 1021 1175 1063 Maximiliano
1215 1023 1324 1071 agat,
1363 1019 1434 1072 qui
1468 1017 1704 1059 Electorem

129 1096 335 1138 Saxonem
371 1095 557 1148 duosque
594 1094 771 1135 Hassiae
802 1093 1032 1147 Principes,
1057 1093 1108 1134 de
1140 1091 1302 1132 iesuitis
1332 1089 1468 1131 Fulda
1489 1089 1704 1131 eiiciendis

56 1201 59 1203 .
129 1166 263 1220 deque
283 1166 541 1206 confessione
562 1165 668 1217 Aug.
691 1163 912 1206 retinenda
932 1164 1129 1214 nitentes,
1153 1161 1376 1203 deterreat.

130 1233 172 1267 R.
191 1243 248 1275 ap.
271 1232 306 1265 S.
330 1231 367 1265 P.
388 1231 437 1267 III
454 1233 541 1274 Apr.
565 1233 649 1265 1574
666 1231 706 1264 P.
728 1242 786 1264 an.
805 1230 850 1264 Il.

134 1342 305 1380 Themer,
324 1352 414 1374 (mn.
435 1340 517 1374 eccl.
538 1342 587 1372 ad
605 1343 640 1374 h.
659 1351 693 1374 a.
713 1351 751 1373 n.
771 1341 823 1374 35.

211 1460 304 1505 40.2
337 1461 599 1502 Ιησνθίίίὸῑίί
619 1474 721 1502 cum
743 1462 981 1514 voluptate.
1015 1482 1040 1487 —
1076 1457 1196 1509 Greg.
1235 1455 1338 1496 XIII
1377 1454 1601 1496 Valeriano
1632 1457 1708 1506 epo

132 1530 336 1581 Vilnensi,
360 1543 433 1584 per
467 1530 630 1571 litteras
665 1529 846 1570 fructum
870 1534 910 1569 et
942 1542 1056 1581 spem
1093 1528 1256 1580 collegii
1279 1527 1319 1568 S.
1342 1526 1377 1567 Ι.
1402 1540 1427 1567 a
1456 1540 1500 1566 se
1530 1525 1710 1565 instituti

132 1600 400 1655 significanti,
422 1600 673 1654 gratulatur,
699 1599 923 1641 Varsovitii
946 1612 1115 1652 operam
1134 1600 1176 1639 in
1192 1598 1333 1639 Svetia
1350 1596 1704 1651 pernecessariam

132 1673 261 1714 fuisse
282 1677 326 1714 at
346 1686 443 1713 mox
465 1685 559 1713 eum
583 1671 636 1712 ad
657 1671 753 1712 coll.
777 1670 975 1712 Vilnense
997 1670 1229 1712 rediturum
1252 1669 1454 1710 declarat.

133 1740 175 1775 R.
194 1750 250 1782 ap.
274 1739 310 1773 S.
331 1739 371 1772 Ρ.
395 1739 444 1774 lX
464 1739 543 1773 Iun.
565 1740 647 1772 1574
668 1738 708 1772 Ρ.
728 1749 786 1771 an.
807 1737 869 1772 111.
1444 1733 1446 1735 ’

136 1848 306 1888 leeiner,
325 1859 416 1881 αηη.
435 1848 519 1881 eccl.
539 1846 589 1879 ad
606 1850 642 1881 h.
662 1858 696 1881 a.
718 1858 754 1880 n.
774 1848 828 1881 55.

216 1957 309 2021 4οἧ
339 1957 390 1999 A.
414 1957 459 1998 P.
485 1956 534 1998 R.
573 1956 630 1998 M.
656 1960 727 2000 Ad
746 1971 977 1999 summum
1000 1958 1280 2011 apostolatus
1300 1956 1491 2009 apicem.
1529 1977 1554 1981 —
1588 1951 1711 2004 Greg.

136 2028 256 2080 XIII,
280 2042 373 2069 cum
395 2029 604 2081 prioratus
624 2028 705 2068 Ioci
728 2027 897 2080 Megeve
934 2027 982 2068 O.
1021 2026 1062 2067 S.
1100 2026 1148 2066 B.
1186 2024 1427 2066 Gebennen.
1465 2022 1597 2064 dioec.
1634 2036 1715 2062 non

138 2100 423 2141 conventualis
444 2113 468 2140 a
488 2099 740 2140 monasterio
763 2098 804 2139 S.
830 2097 1047 2138 Michaelis
1068 2097 1106 2137 d.
1129 2096 1227 2137 Ord.
1249 2100 1291 2136 et
1307 2095 1438 2136 dioec,
1460 2093 1713 2147 dependens,

139 2185 228 2212 vac.
254 2184 328 2223 per
362 2171 592 2211 cessionem
627 2169 801 2210 liberam
839 2170 1006 2209 Ioannis
1041 2168 1186 2208 Firmii
1220 2166 1373 2219 (Fabii)
1409 2166 1458 2206 de
1495 2164 1717 2205 Trivulciis

141 2242 280 2283 clerici
312 2241 637 2282 Mediolanensis
658 2239 1019 2291 commendatarii,
1043 2239 1142 2280 olim
1177 2252 1202 2278 a
1236 2237 1309 2278 Pio
1346 2236 1426 2277 PP.
1461 2235 1510 2277 V.
1545 2234 1717 2287 collegio

140 2312 180 2354 S.
205 2312 240 2354 Ι.
264 2325 358 2366 opp.
384 2311 660 2364 Camberiaci‚
683 2315 895 2353 reservata
916 2310 1053 2351 media
1074 2315 1193 2362 parte
1223 2309 1409 2350 omnium
1439 2307 1652 2348 fructuum
1674 2305 1714 2346 d.

140 2383 287 2425 Ioanni
309 2383 464 2424 Firmio
486 2384 527 2423 in
548 2383 790 2436 pensionem
818 2395 1016 2434 annuam,
1040 2380 1277 2434 applicatus
1298 2379 1423 2420 fuerit
1448 2393 1455 2418 :
1480 2377 1588 2418 hanc
1619 2390 1718 2430 pen-

141 2457 299 2497 sionem
321 2470 504 2497 annuam
525 2460 617 2509 post
637 2454 795 2495 obitum
817 2453 1021 2506 praedicti
1045 2452 1231 2503 Ioannis,
1255 2450 1308 2492 ad
1340 2463 1486 2503 preces
1519 2447 1719 2489 Guidonis

141 2527 365 2568 cardinalis
385 2528 450 2568 tit.
472 2526 512 2568 S.
531 2525 618 2566 Viti
639 2530 681 2566 et
701 2524 881 2566 Modesti
905 2523 1138 2564 Vercellen.
1160 2523 1346 2574 assignat
1362 2521 1585 2562 seminario
1602 2519 1721 2560 cleri-

145 2611 287 2639 corum
306 2599 348 2638 in
363 2597 514 2651 oppido
531 2597 704 2638 lavenni
720 2595 877 2636 nullius
893 2600 967 2636 aut
984 2593 1210 2635 Taurineu.
1229 2593 1360 2633 dioec.
1381 2592 1433 2632 ab
1455 2592 1544 2643 ipso
1566 2595 1720 2640 erecto,

144 2682 170 2710 a
201 2673 364 2710 rectore
397 2668 490 2710 coll.
530 2666 895 2708 Cambeviacensis
924 2665 1180 2716 solvendam,
1214 2666 1265 2705 50
1297 2668 1506 2704 scutorum
1546 2663 1586 2701 in
1622 2674 1724 2702 auro

147 2740 306 2782 itali00.
635 2781 641 2786 ,

144 2805 189 2840 R.
209 2816 266 2849 ap.
287 2806 322 2840 S.
345 2806 393 2840 M.
413 2805 461 2840 M.
481 2805 530 2840 IV
548 2804 622 2839 kal.
646 2805 709 2838 lul.
731 2806 814 2838 1570
833 2803 1031 2837 P.an.111.

1238 2908 1359 2942 Fund.
1375 2919 1436 2952 pr.
1458 2908 1630 2951 Luqdun.
1651 2913 1675 2940 t.
1695 2909 1726 2940 2.

231 3022 326 3067 46ss
357 3028 454 3065 Είεῑ
472 3036 546 3065 res
566 3026 680 3064 luas.
706 3044 731 3049 -
754 3017 879 3070 Greg.
903 3015 1008 3058 XIII
1029 3015 1177 3057 Carolo
1208 3015 1367 3056 archid.
1408 3015 1602 3056 Austriae
1638 3027 1730 3068 per-

1630 3093 1671 3126 33
