1989 3252
272 190 410 244 Greg.
431 190 531 233 XV.
947 214 999 219 —
1030 190 1109 230 298
1141 213 1191 218 -
1726 191 1858 235 1622.

356 278 423 321 27.
465 281 517 319 Uc
546 291 791 332 supremae
818 279 1148 333 providentiae.
1173 301 1199 306 —
1218 275 1340 329 Greg.
1373 275 1465 327 XV,
1488 275 1728 329 petentibus
1756 282 1859 318 rect.

275 351 318 389 et
338 345 592 400 collegialib.
616 347 714 388 coll.
743 345 786 389 S.
810 347 846 388 I.
870 346 1168 400 Corisopiten.‚
1191 347 1363 389 mandat
1392 346 1560 388 officiali
1584 346 1862 401 Corisopiten.

276 422 324 459 ut
361 432 457 459 cum
492 418 533 460 d.
558 418 655 460 coll.
680 432 816 471 nuper
850 423 990 460 erecto
1024 419 1146 460 uniat
1174 420 1406 472 prioratum
1442 418 1493 460 de
1522 422 1649 472 ponte
1678 417 1864 461 Griando

277 489 326 531 O.
352 488 391 530 S.
426 488 475 530 B.
501 503 576 531 seu
611 489 684 530 alt.
709 488 808 531 Ord.
833 489 874 531 d.
899 489 1050 539 dioec.,
1076 489 1129 531 ab
1162 490 1265 543 Aeg.
1289 489 1465 531 Nicolao
1500 489 1601 531 cler.
1624 503 1699 543 per
1718 475 1869 543 procu:

280 565 466 602 ratorem
488 574 611 601 suum
645 559 834 602 Martial.
858 561 1144 614 Duboucheys
1177 561 1276 603 cler.
1301 561 1566 602 Lemovicen.
1592 561 1864 614 resignatum,

277 646 303 674 a
323 632 584 673 monasterio
605 631 644 673 S.
668 631 814 673 Crucis
835 631 886 673 de
907 631 1193 686 Quimperleio
1222 646 1348 673 nunc.
1373 631 1561 674 eiusdem
1591 630 1690 673 Ord.
1713 631 1869 685 depen-

282 703 466 745 dentem.
489 702 560 745 Fr.
583 705 638 745 24
659 703 750 744 duc.

279 770 324 804 R.
345 781 402 813 ap.
424 769 461 804 S.
482 770 523 804 P.
546 770 594 805 111
612 769 686 803 kal.
707 770 793 814 Apr.
815 773 900 805 1622
919 770 960 804 Ρ.
980 781 1040 806 an.
1059 771 1103 806 Π.

1477 880 1565 923 Ray.
1585 879 1674 913 buu.
1697 879 1737 914 V.
1757 881 1818 913 102
1837 879 1871 913 b.

366 1002 440 1045 28.
479 1005 587 1043 Cum
609 1001 671 1042 ad
689 1001 865 1042 uberes.
889 1022 915 1028 -
934 995 1058 1050 Greg.
1083 995 1176 1049 XV,
1198 996 1441 1050 petentibus
1469 997 1506 1039 I.
1538 996 1586 1040 B.
1620 997 1736 1050 Saxi,
1754 1011 1874 1051 prae-

285 1071 424 1124 posito
446 1069 677 1111 saecularis
699 1074 742 1111 et
762 1069 1010 1122 collegiatae
1034 1068 1138 1110 eccl.
1162 1068 1203 1110 S.
1227 1068 1335 1110 Sixti
1357 1082 1453 1123 opp.
1473 1069 1515 1111 S.
1538 1069 1709 1111 Romuli
1730 1068 1876 1110 Albin-

286 1156 438 1195 ganen.
463 1141 600 1183 dioec.
625 1146 668 1182 et
688 1145 851 1182 rectore
885 1153 958 1182 seu
979 1140 1196 1193 superiore
1226 1153 1275 1181 ac
1308 1140 1513 1194 religiosis
1533 1140 1686 1183 infrad.
1711 1140 1874 1193 domus,

290 1213 465 1255 mandat
484 1213 565 1254 vic.
590 1226 685 1266 gen.
710 1213 898 1266 episcopi
923 1211 1198 1265 Albingancn.
1221 1216 1269 1253 ut
1289 1226 1385 1253 cum
1415 1212 1537 1253 domo
1559 1226 1635 1266 per
1655 1212 1877 1265 collegium

291 1284 377 1326 S.I
416 1284 593 1326 Ianuen.
618 1285 662 1324 in
696 1283 737 1324 d.
763 1297 861 1337 opp.
893 1284 935 1324 vi
968 1284 1213 1325 testamenti
1247 1297 1329 1337 quo
1364 1283 1607 1325 Alexander
1640 1282 1879 1325 Bernardus

289 1355 414 1410 presb
455 1355 495 1397 d.
520 1369 618 1408 opp.
644 1358 687 1396 et
706 1359 845 1396 rector
865 1354 1121 1408 parochialis
1141 1354 1245 1397 eccl.
1268 1352 1309 1396 S.
1332 1353 1465 1396 Blasii
1485 1355 1537 1396 de
1557 1355 1680 1396 fovea
1697 1355 1880 1408 regionis

289 1427 436 1469 Pontis
470 1427 522 1468 de
558 1426 674 1468 Urbe
696 1426 735 1468 d.
761 1426 855 1468 coll.
880 1425 1105 1467 haeredem
1139 1426 1254 1468 univ.
1292 1427 1552 1479 instituerat,
1589 1430 1729 1468 erecta
1762 1427 1883 1467 uniat

291 1499 391 1541 eccl.
411 1513 484 1540 seu
502 1498 739 1552 cappellam
758 1498 797 1540 S.
819 1497 1023 1551 Stephani
1040 1497 1229 1539 eiusdem
1246 1511 1341 1552 opp.
1356 1511 1380 1538 a
1396 1497 1435 1539 d.
1456 1497 1614 1539 Ioanne
1630 1497 1677 1539 B.
1697 1498 1883 1550 resigna-

290 1575 394 1623 tam,
419 1569 596 1611 fnndata
629 1583 714 1610 una
734 1569 972 1623 capellania
1005 1574 1211 1622 perpetua
1231 1570 1321 1611 sine
1342 1582 1443 1610 cura
1463 1569 1541 1610 sub
1560 1569 1698 1610 invoc.
1722 1568 1763 1610 S.
1788 1567 1880 1610 Ste-

292 1642 439 1696 phani.

288 1708 331 1742 R.
355 1719 413 1751 ap.
435 1707 471 1741 S.
495 1707 536 1741 P.
557 1707 631 1741 kal.
651 1708 738 1749 Apr.
759 1709 845 1741 1622
865 1706 905 1742 Ρ.
924 1717 981 1741 an.
1001 1707 1046 1742 Π.

1124 1819 1145 1836 ⁰
1506 1815 1592 1858 Rey.
1612 1814 1703 1849 bull.
1731 1815 1770 1849 V.
1789 1816 1831 1849 90
1849 1814 1884 1848 b.

374 1929 450 1972 29.
487 1933 703 1982 Copiosus
732 1933 779 1969 τη
808 1927 1148 1969 misericor-dia.
1188 1949 1213 1955 -
1246 1924 1369 1977 Greg.
1402 1922 1480 1964 XV
1509 1923 1753 1977 petentibus
1781 1926 1884 1965 rect.

293 2002 335 2039 et
357 1997 565 2050 collegial.
590 1996 684 2038 coll.
710 1997 751 2038 S.
776 1996 810 2038 Ι,
835 1996 1041 2038 Goritien.
1076 1995 1343 2050 Aquilegien.
1368 1995 1501 2037 dioec.
1525 1994 1699 2036 mandat
1719 1994 1888 2036 officiali

293 2069 510 2111 Parentin.
535 2073 583 2110 ut
604 2083 700 2109 cum
723 2068 819 2110 coll.
845 2068 885 2110 d.
911 2067 951 2110 S.
976 2081 1052 2121 per
1071 2066 1385 2108 Ferdinandum
1406 2066 1527 2109 Rom.
1552 2080 1691 2119 regem
1713 2067 1756 2107 in
1776 2065 1883 2119 Imp.

295 2141 478 2183 electum
501 2145 641 2181 erecto
679 2140 800 2181 uniat
822 2141 1159 2193 praeposituram
1193 2139 1297 2180 eccl.
1321 2138 1464 2180 forsan
1497 2137 1743 2191 collegiatae
1777 2137 1889 2178 Pris-

296 2213 435 2254 vensis
456 2213 508 2265 (22)
529 2212 572 2252 in
594 2210 722 2252 Istria
742 2211 960 2252 Parentin.
985 2211 1118 2252 dioec.
1143 2224 1169 2252 a
1189 2209 1408 2263 Raynaldo
1429 2209 1690 2251 Scharlichio
1712 2208 1765 2250 ad
1785 2208 1887 2251 eccl.

297 2283 587 2337 Tergestinam
610 2289 800 2336 promoto
821 2282 876 2324 ad
898 2283 1009 2323 hunc
1025 2281 1171 2334 finem,
1190 2286 1316 2334 prout
1336 2282 1379 2321 in
1400 2280 1441 2322 d.
1461 2280 1494 2321 F
1495 2279 1717 2322 erdinandi
1737 2280 1891 2321 litteris

298 2355 551 2406 continetur,
575 2354 851 2407 assignatum,
875 2354 1032 2395 vicaria
1067 2357 1273 2407 perpetua
1306 2351 1412 2393 inibi
1433 2356 1573 2393 erecta
1608 2365 1704 2392 cum
1725 2350 1893 2392 redditu

303 2427 380 2467 100
403 2439 459 2466 sc.
483 2425 551 2466 vel
571 2425 624 2466 70
646 2424 741 2466 duc.

301 2492 341 2526 R.
363 2503 421 2534 ap.
446 2490 482 2526 S.
504 2491 544 2524 P.
568 2490 643 2525 kal.
663 2491 751 2534 Apr.
774 2493 857 2525 1622
877 2490 915 2524 Ρ.
937 2501 984 2524 an
1016 2490 1059 2525 ΙΙ.

1556 2597 1646 2641 Req.
1668 2596 1756 2631 bun.
1783 2597 1819 2629 V.
1839 2597 1893 2631 85.
1954 2597 1958 2599 ·

391 2712 467 2755 30.
501 2716 573 2753 Er
601 2715 804 2752 iniuncto
832 2711 976 2752 nohis.
1001 2733 1027 2738 -
1047 2707 1168 2761 Greg.
1191 2705 1285 2759 XV,
1303 2707 1443 2748 citatis
1463 2707 1548 2747 litt.
1568 2705 1689 2747 Pauli
1704 2704 1762 2758 II,
1789 2712 1896 2748 Cum

311 2797 357 2824 m
378 2783 590 2825 omnibus
610 2784 797 2825 iudiciis
820 2782 942 2832 1465,
962 2794 999 2821 v.
1025 2779 1081 2821 id.
1103 2778 1222 2831 Maii,
1241 2779 1481 2832 petentibus
1503 2778 1689 2831 capitulo
1712 2782 1754 2818 et
1773 2789 1897 2818 cano-

311 2852 414 2893 nicis
449 2852 678 2894 saecularis
709 2856 750 2893 et
780 2852 1028 2904 collegiatae
1064 2850 1164 2891 eccl.
1187 2850 1227 2892 S.
1252 2849 1471 2891 Benedicti
1504 2849 1693 2902 Capuan.
1717 2852 1760 2890 et
1793 2850 1895 2889 rect.

310 2922 404 2964 coll.
426 2923 467 2965 S.
488 2923 524 2965 Ι.
539 2921 933 2977 Capuan.,mandat
946 2921 1243 2963 archidiacono
1255 2926 1298 2963 et
1312 2922 1467 2962 vicario
1483 2934 1561 2974 gen
1591 2918 1899 2973 archiepiscopi

309 2995 501 3049 Capuan.
525 2999 573 3035 ut
593 2994 859 3046 confirment,
883 2994 918 3034 si
946 2993 987 3034 in
1012 2992 1268 3045 evidentem,
1293 2992 1336 3033 in
1366 2992 1552 3034 favorem
1574 2991 1614 3032 d.
1638 2990 1732 3032 coll.
1755 2990 1900 3032 vendi-
