1989 3252
116 168 257 213 clem.
281 165 417 214 XIII.
775 195 830 202 -
857 172 938 213 495
968 195 1024 203 -
1206 165 1210 168 ’
1562 175 1688 219 1765.

114 253 261 296 laudes
296 259 338 296 et
365 255 605 298 testimonia
633 257 726 298 eius
760 258 811 297 iis
847 271 955 311 quae
985 259 1220 312 complures
1254 259 1441 312 episcopi
1475 259 1529 301 ad
1561 259 1602 302 S.
1639 259 1686 302 P.

114 325 385 378 scripserunt.

112 389 156 425 R..
175 400 232 433 ap.
253 389 290 425 S.
305 390 354 425 M.
374 390 422 425 M.
444 390 476 424 X
492 391 559 425 Iul.
583 393 665 426 1765
685 393 722 426 P.
741 403 800 426 an.
824 393 917 428 VIII.

112 499 165 531 De
181 499 374 541 Raviqnan
393 510 450 542 op.
468 501 527 534 cit.
548 511 581 542 p.
601 502 677 535 324.

194 624 265 667 64.
303 626 506 668 Dolorem
527 630 749 668 nostrum.
788 649 812 654 -
846 624 978 667 Clem.
1024 625 1123 667 XIII
1165 626 1337 668 Nicolao
1361 632 1439 681 epo
1475 628 1684 672 Basileen.

112 692 272 745 prolixe
292 692 334 735 S.
357 693 392 735 I.
415 693 661 735 Institutum
692 696 918 736 novissima
953 697 1251 739 constitutione
1285 698 1579 741 confirmatum
1600 700 1688 741 lau-

109 762 229 804 danti
260 764 495 817 gratulatur
527 770 727 819 optatque
762 771 808 806 ut
842 766 950 807 filios
985 767 1025 808 S.
1050 766 1084 809 Ι.
1107 774 1251 809 ament
1279 769 1503 824 aliquando
1524 771 1596 824 qui
1617 785 1688 813 eos

111 834 304 887 oderunt,
327 836 357 875 si
381 836 532 876 sectari
566 849 648 877 non
681 843 869 890 possunt,
893 837 1168 879 collaetentur
1197 839 1345 881 saltem
1366 844 1409 882 et
1428 842 1690 894 gratulentur

111 904 369 947 melioribus.

113 969 155 1005 R.
175 981 232 1013 ap.
251 971 286 1006 S.
306 972 356 1006 M.
378 972 426 1006 M.
447 972 534 1007 XXI
551 974 643 1016 Aug.
666 975 748 1008 1765
766 974 806 1008 P.
827 985 885 1008 an.
906 975 1000 1010 VIII.

111 1079 167 1113 De
180 1080 378 1124 Raviqnan
398 1092 454 1125 ομ,
474 1086 533 1116 cie.
554 1094 587 1125 p.
607 1085 682 1117 327·

195 1200 267 1243 65.
303 1206 529 1255 Pel-quam
549 1208 701 1257 yram.
726 1226 751 1231 -
780 1202 912 1244 Clem.
938 1203 1040 1244 XIII
1076 1205 1261 1257 episcopi
1298 1206 1521 1249 Civitatem.
1546 1208 1686 1260 periu-

112 1269 291 1310 cundam
312 1282 363 1310 ex
385 1268 524 1311 Const.
550 1275 856 1327 Apostolicmn
875 1274 1081 1315 laetitiam
1099 1274 1260 1327 laudat,
1279 1277 1543 1318 retundenda
1558 1278 1686 1319 fuisse

110 1339 196 1381 tela
217 1339 368 1393 quibus
389 1354 461 1394 per
482 1341 592 1382 latus
612 1341 654 1384 S.
678 1341 713 1383 Ι.
733 1342 1023 1396 Apostolicam
1044 1344 1192 1386 Seden]
1216 1347 1405 1388 sauciare
1425 1348 1687 1389 conabantur

111 1409 326 1451 Ecclesiae
361 1411 517 1463 hostes,
540 1413 794 1466 simpliciore
829 1415 996 1467 ingenio
1032 1416 1258 1468 praeditos,
1283 1417 1352 1458 ubi
1386 1430 1529 1459 vocem
1549 1420 1688 1460 emisit

111 1482 288 1522 sensisse
309 1496 353 1524 se
373 1482 500 1523 fuisse
523 1483 732 1537 deceptos.

112 1547 154 1582 R.
173 1558 231 1590 ap.
255 1547 290 1582 S.
312 1548 360 1582 M.
382 1549 428 1582 M.
450 1549 497 1582 IV
515 1549 614 1591 Sept.
640 1553 720 1584 1765
740 1551 778 1584 P.
800 1562 856 1585 an.
880 1552 969 1586 vm.

110 1656 210 1691 Bull.
230 1658 319 1692 Rom
327 1684 334 1692 .

195 1767 267 1809 66.
300 1773 568 1822 Accepimus
588 1771 776 1811 litteras.
802 1793 827 1798 -
847 1768 978 1810 Clem.
1003 1768 1106 1810 XIII
1142 1771 1323 1812 Antonio
1358 1776 1435 1825 epo
1457 1772 1683 1815 Orthonen.

114 1840 158 1875 et
177 1834 350 1888 Caplen.
373 1837 607 1889 gratulatur
643 1839 694 1879 de
715 1839 865 1892 gaudio
886 1853 938 1880 ex
974 1840 1150 1882 Constit.
1176 1850 1207 1884 Α
1214 1847 1481 1898 postolc'czmz
1512 1858 1620 1897 quae
1642 1845 1685 1886 S.

111 1905 230 1947 Sedis
251 1911 294 1947 et
326 1907 542 1949 Ecclesiae
576 1909 777 1950 iudicium
814 1910 1017 1962 defendit,
1041 1917 1081 1952 et
1115 1911 1325 1964 significat
1361 1915 1685 1956 consolationem

110 1990 228 2018 suam
248 1990 302 2019 ex
322 1978 472 2020 litteris
506 1979 783 2033 plurimorum
816 1985 988 2034 eperum
1019 1984 1266 2025 testantium
1295 1984 1557 2026 alacritatem
1580 1986 1681 2029 cler.

111 2061 196 2101 reg.
220 2046 260 2090 S.
284 2048 318 2090 I.
343 2063 426 2091 non
445 2050 774 2103 relanguescere.

111 2113 153 2148 R.
172 2124 229 2157 ap.
250 2114 285 2149 S.
306 2115 354 2150 M.
375 2115 423 2150 M.
442 2117 495 2152 IX
512 2116 608 2160 Sept.
634 2120 714 2153 1765
732 2119 772 2153 P.
792 2130 851 2154 an.
872 2119 966 2154 VIII.

109 2223 210 2259 Bull.
229 2224 334 2259 Rom.

192 2334 260 2378 67.
297 2338 552 2379 Gratucacio
572 2341 666 2380 tua.
698 2360 722 2366 —
757 2336 890 2378 Clem.
928 2337 1031 2378 XIII
1071 2339 1250 2392 Iosepho
1286 2340 1483 2393 episcopo
1520 2341 1686 2382 Massae

109 2400 289 2444 Lubren.
300 2416 438 2455 ,suam
449 2410 493 2446 et
502 2404 775 2458 plurimorum
793 2409 907 2461 regni
924 2410 1044 2450 istius
1057 2410 1345 2463 episcoporum
1363 2411 1686 2464 gratulationem

110 2471 162 2514 de
181 2478 312 2516 const.
333 2482 366 2518 A
372 2480 640 2531 postoczcum
657 2476 864 2531 offerenti,
882 2484 925 2519 et
940 2479 1040 2533 quid
1056 2482 1343 2533 praestiterint
1359 2482 1454 2522 istic
1470 2483 1684 2534 regulares

111 2541 151 2585 S.
190 2543 224 2585 I.
252 2546 296 2585 in
328 2545 505 2587 levanda
537 2560 727 2590 annonae
761 2549 1006 2591 difficultate
1041 2552 1229 2602 testanti,
1253 2552 1688 2595 commendatissimos

111 2627 181 2655 eos
202 2627 292 2656 esse
312 2616 416 2658 vult.

112 2679 155 2714 R.
175 2690 231 2723 ap.
251 2680 287 2715 S.
306 2681 356 2715 M.
376 2681 426 2715 M.
446 2682 497 2716 IX
515 2681 614 2725 Sept.
636 2686 720 2719 1765
739 2685 779 2720 P.
799 2695 858 2719 an.
884 2686 973 2720 VIII.

110 2787 211 2823 Bulc.
230 2789 335 2824 Rom.

194 2898 265 2940 68.
302 2903 385 2943 Qui
407 2900 456 2942 in
476 2905 560 2943 z'sto
579 2904 882 2956 amplissimo.
918 2925 944 2931 —
978 2901 1109 2943 Clem.
1146 2900 1250 2942 XIII
1285 2901 1468 2943 Antonio
1489 2902 1682 2956 episcopo

111 2964 356 3010 Leucorien.
374 2968 674 3011 catholicorum
696 2972 738 3011 in
759 2972 838 3012 isto
859 2985 984 3024 regno
1012 2985 1064 3013 ex
1084 2971 1185 3013 cler.
1209 2984 1293 3025 reg.
1318 2971 1358 3013 S.
1383 2971 1419 3013 I.
1442 2973 1685 3016 calamitate
