1989 3252
679 411 1295 485 [NNOOENTH
1344 413 1481 486 XI.

277 647 514 683 Innocentius
541 648 607 688 XI
636 647 932 688 Novocomensis,
965 646 1182 681 Benedictus
1216 646 1445 687 Odescalchi,
1481 645 1577 681 Diac.
1611 646 1717 681 Card.
1737 646 1793 681 tit.
1814 645 1878 680 SS.

368 702 518 737 Cosmae
537 706 572 736 et
590 702 773 745 Damiani,
789 702 873 736 dein
892 702 1019 735 presb.
1040 702 1147 736 Card.
1163 701 1216 736 tit.
1238 701 1275 736 S.
1296 701 1491 744 Onuphlii,
1507 701 1645 735 electus
1663 702 1754 737 XXI
1777 701 1876 769 Sept.

369 761 565 790 coronatus
587 757 630 789 lV
649 757 729 791 Oct.
751 759 847 799 1676,
867 756 958 790 obiit
975 756 1041 791 XII
1059 757 1156 800 Aug.
1177 758 1272 791 1689

282 811 323 845 Ρ.
347 812 546 845 Martinum
562 811 606 845 de
627 811 779 854 Espaiza
799 811 834 845 S
856 811 1156 845 Poenitentiariae
1180 811 1407 854 theologum,
1434 811 1676 852 eumdemque
1700 810 1882 853 episcopo-

370 878 462 905 rum,
490 877 532 899 ac
556 867 751 909 Iosephum
778 866 929 900 Mar-iam
959 866 1167 908 Requesens
1193 866 1477 900 ordinandorum
1497 866 1766 900 examinatores
1784 865 1882 900 fecit.

368 922 442 956 PP.
464 921 607 964 Thyrso
625 922 803 956 Gonzalez
821 926 857 955 et
875 921 1025 955 Nicolao
1047 921 1186 955 Mariae
1208 920 1444 961 Pallavicino,
1464 920 1672 955 illustribus
1689 920 1880 963 theologis,

368 987 506 1010 sacram
527 975 638 1010 etiam
655 987 854 1019 purpuram
873 976 1131 1009 destinaverat.

284 1034 322 1066 18
339 1031 419 1066 Iun.
441 1033 537 1067 1680.
558 1031 629 1065 tria
647 1031 823 1074 opuscula
840 1030 1027 1065 damnavit
1044 1030 1216 1073 anonymi
1246 1030 1465 1065 iansenistne
1485 1031 1614 1065 Patres
1634 1030 1669 1062 S.
1688 1030 1716 1065 Ι.
1737 1030 1884 1064 damna-

369 1090 486 1120 tarum
517 1085 655 1128 pridem
684 1087 728 1118 ab
758 1085 972 1120 Innocentio
1002 1085 1079 1128 ipso
1107 1087 1150 1120 65
1178 1085 1470 1128 propositionum
1502 1090 1671 1120 auctores
1700 1084 1879 1119 facientis.

373 1140 590 1174 Michaelein
610 1141 653 1173 ile
685 1140 840 1174 Molinos
868 1140 1164 1174 haeresiarcham
1195 1151 1215 1173 a
1244 1139 1316 1174 ΡΡ.
1352 1141 1463 1174 Paulo
1493 1139 1667 1184 Se‘gnerQ
1697 1139 1883 1174 Gothardo

376 1195 579 1234 Belluomo,
600 1195 790 1229 Dominico
824 1194 1027 1229 Brunaccio
1057 1200 1090 1227 et
1109 1195 1245 1229 Ioanne
1268 1195 1426 1228 Antonio
1447 1194 1616 1237 Caprino,
1637 1205 1723 1228 voce
1740 1198 1776 1228 et
1792 1194 1885 1228 cala-

371 1261 430 1284 mo
461 1250 699 1292 exagitatum,
720 1250 818 1284 edita
846 1252 866 1283 3
885 1249 983 1293 Sept.
1007 1251 1089 1284 1687
1122 1250 1222 1283 bulla
1257 1249 1427 1283 Caelestis
1443 1250 1594 1290 Pastor,
1615 1250 1882 1283 condemnavit.

372 1305 600 1348 Segneriana
621 1305 826 1339 Concordia
845 1305 983 1338 laboris
1003 1310 1035 1338 et
1063 1306 1195 1350 quietis
1224 1315 1266 1338 ex
1300 1304 1382 1338 albo
1418 1304 1594 1339 librorum
1622 1303 1884 1346 prohibitorum

371 1363 569 1402 expuncta.

282 1416 388 1449 Anno
408 1416 492 1449 1688
510 1417 583 1448 tres
612 1424 632 1446 a
661 1413 855 1449 Xiamensi
874 1424 960 1457 rege
988 1413 1129 1456 legatos
1159 1413 1359 1456 excipiens,
1390 1413 1520 1447 Patres
1548 1411 1585 1448 S.
1603 1412 1631 1448 Ι.
1651 1423 1693 1447 eo
1712 1413 1747 1446 in
1773 1423 1885 1455 regno

371 1468 562 1512 Evangelii
584 1479 784 1512 praecones
804 1469 894 1513 Regi
912 1480 974 1512 per
992 1469 1075 1502 illos
1094 1468 1258 1512 impense
1276 1468 1558 1503 commendavit.

371 1765 410 1807 1.
445 1760 688 1803 Facultates
725 1773 951 1802 concessae
986 1773 1012 1801 a
1033 1758 1103 1802 SS.
1128 1759 1179 1800 D.
1203 1758 1256 1801 N.
1282 1757 1529 1800 Innocentio
1566 1758 1648 1800 div,
1675 1758 1769 1799 mis.
1794 1757 1875 1800 PP.

287 1833 347 1875 XI
368 1834 415 1875 P.
439 1831 659 1874 Leonardo
681 1831 924 1873 Lomachae
946 1845 1032 1873 sac.
1057 1831 1098 1873 S.
1124 1831 1159 1873 I.
1184 1844 1324 1884 super.
1349 1831 1595 1871 missionum
1617 1829 1751 1871 eiusd.
1772 1829 1811 1871 S.
1837 1830 1881 1870 in

287 1905 435 1946 insulis
457 1904 586 1945 Maris
608 1904 738 1957 Aegei
760 1903 938 1958 aliisque
968 1902 1152 1944 Orientis
1188 1902 1394 1955 partibus.
1418 1926 1444 1932 —
1464 1901 1514 1942 In
1536 1900 1685 1954 Congr.
1709 1914 1804 1953 gen.
1828 1900 1870 1942 S.

289 1975 370 2018 Off.
392 1975 537 2017 habita
571 1975 615 2015 in
647 1975 734 2028 pal.
757 1975 934 2028 apostol.
960 1987 1027 2027 ap.
1053 1973 1095 2015 S.
1119 1973 1309 2025 Petrum,
1326 1972 1403 2015 SS.
1437 1972 1488 2013 D.
1523 1972 1575 2013 N.
1602 1972 1871 2013 Innocentius

287 2047 370 2090 PP.
395 2046 490 2089 XI.
499 2046 770 2089 ‚concessit..
795 2045 849 2086 ad
879 2044 1219 2100 quadriennium.
1242 2069 1268 2075 —
1288 2044 1334 2086 F.
1360 2043 1482 2086 Card.
1507 2043 1776 2085 Barberinus.
1801 2042 1871 2119 Fr.

288 2118 518 2160 Riccardus
538 2117 639 2160 Not.

287 2187 311 2220 f.
336 2186 375 2219 V.
396 2185 431 2220 d.
450 2188 492 2220 26
510 2185 601 2219 Nov
623 2186 722 2219 1676.

1502 2292 1589 2336 Req.
1610 2291 1699 2326 buu.
1728 2291 1786 2326 VI.
1807 2293 1884 2326 236.

372 2417 414 2461 2
449 2413 521 2454 Ad
540 2412 818 2467 auqendam.
842 2439 868 2445 -
889 2413 1126 2456 Innocentii
1156 2412 1217 2454 XI
1249 2412 1409 2466 indulg.
1434 2412 1548 2465 plen.
1573 2425 1647 2465 pro
1669 2411 1880 2466 aliquibus

291 2486 484 2529 domibus
506 2490 546 2527 et
566 2486 662 2528 coll.
686 2486 727 2529 S.
752 2485 771 2527 Ι
793 2485 861 2527 die
884 2487 934 2527 13
956 2485 1062 2528 Nov.
1086 2485 1151 2526 Ad
1172 2485 1456 2538 septennium.

289 2556 329 2588 31
348 2552 437 2588 Maii
457 2555 553 2587 1677.

1614 2660 1649 2694 E
1650 2663 1767 2695 leuch.
1786 2660 1874 2694 bun.

375 2785 417 2830 3.
450 2782 691 2825 Facultates
722 2795 946 2825 concessae
981 2794 1008 2823 a
1028 2779 1099 2823 SS.
1124 2780 1174 2822 D.
1200 2779 1254 2823 N.
1280 2780 1526 2822 Innocentio
1549 2779 1633 2821 div.
1657 2792 1773 2834 prov.
1797 2778 1880 2821 PP.

292 2852 351 2894 XI
372 2854 421 2895 P.
446 2853 644 2894 Michaeli
665 2852 763 2894 Nau
785 2866 871 2894 sac.
895 2851 940 2894 S.
976 2851 1011 2893 I.
1036 2855 1078 2893 et
1098 2863 1240 2904 super.
1264 2850 1512 2892 missionum
1539 2848 1674 2892 eiusd.
1708 2849 1805 2891 Ord.
1839 2849 1883 2890 in

295 2924 417 2978 Syria
436 2929 477 2967 et
496 2923 684 2967 Perside.
706 2948 732 2954 —
752 2923 804 2965 In
824 2922 973 2976 Congr.
991 2936 1084 2976 gen.
1107 2922 1147 2963 S.
1173 2921 1222 2962 R.
1249 2924 1291 2964 613
1311 2920 1365 2964 U.
1390 2920 1483 2975 Inq.
1509 2920 1579 2963 SS.
1603 2920 1652 2962 D.
1679 2920 1731 2962 N.
1755 2919 1877 2961 ,111110-
