1989 3252
259 167 395 223 Greg.
419 167 558 212 XIII.
934 192 989 198 —
1017 169 1098 210 514
1127 194 1181 200 —
1717 170 1842 215 1574.

257 253 523 297 commendat
551 268 604 295 ne
638 255 683 295 in
717 254 892 309 collegio
927 254 1118 308 Dilingae
1152 256 1206 297 ab
1241 255 1405 298 Othone
1442 255 1556 297 card.
1595 256 1840 309 August-,ano

258 327 450 368 instituto
471 325 701 381 quidquam
718 331 906 368 mutetur
925 332 999 368 aut
1020 328 1116 368 novi
1137 329 1433 379 constituatur,
1456 341 1501 369 se
1522 327 1670 368 inscio.

255 393 299 427 R.
319 404 375 436 ap.
398 392 434 427 S.
456 392 497 428 Ρ.
517 392 602 428 VIII
622 395 707 436 Apr.
729 395 814 430 1573
829 393 871 428 P.
889 404 948 427 an.
968 393 995 428 I.

261 513 431 557 Theiner,
450 525 541 549 ann.
560 513 643 548 eccl.
663 516 713 546 ad
732 513 767 549 h.
788 525 823 549 a.
843 526 881 549 n.
903 516 954 549 10.

341 633 435 679 22?
471 639 668 678 Tametsi
686 650 938 691 nunquam.
963 659 988 665 -
1009 634 1129 688 Greg.
1163 634 1269 677 XIII
1305 635 1456 678 Carolo
1491 637 1710 679 archiduci
1741 639 1846 679 Aus-

258 705 367 746 triae
413 704 652 758 gratulatur
686 704 797 759 quod
831 706 1078 747 iesuitarum
1113 706 1337 759 collegium
1372 708 1414 748 in
1445 708 1618 750 civitate
1652 708 1849 751 Grezensi

259 777 493 829 constituit,
517 781 560 818 et
580 779 771 830 praemia
791 791 816 818 a
837 777 1006 819 Christo
1027 778 1267 831 pollicetur.

261 843 302 877 R.
323 854 381 886 ap.
403 843 439 877 S.
465 844 512 877 M.
536 843 582 877 IV
600 843 669 879 Iul.
694 847 776 879 1573
795 844 838 880 P.
856 856 901 878 an
935 845 961 879 Ι.

262 971 436 1013 Theiner,
455 982 546 1005 ann.
566 970 649 1006 eccl.
670 973 718 1005 ad
735 974 770 1006 h.
791 983 826 1006 a.
846 983 883 1006 n.
905 975 935 1007 3.

343 1098 437 1144 225³
469 1104 524 1142 Et
545 1104 680 1142 antea
700 1103 1010 1155 cupiebamus.
1030 1124 1056 1129 -
1071 1099 1193 1153 Greg.
1214 1099 1319 1141 XIII
1334 1100 1573 1153 gratulatur
1590 1101 1850 1144 Maximiano

262 1170 400 1224 Hung.
420 1176 461 1212 et
477 1170 652 1212 Bohem.
673 1171 760 1225 regi
776 1170 948 1224 illustri,
967 1171 1200 1224 postulanti
1221 1172 1333 1227 quod
1357 1173 1533 1226 Fuggeri
1549 1173 1708 1228 aliique
1731 1174 1850 1216 nobi-

262 1243 324 1284 les
360 1243 595 1296 Augustani
631 1242 919 1296 postulabant,
941 1243 1148 1297 templum
1185 1248 1228 1285 et
1257 1243 1427 1286 domum
1448 1244 1491 1286 S.
1515 1244 1660 1286 Crucis
1688 1247 1854 1287 iesuitis

263 1314 472 1356 concedit.

261 1381 305 1416 R.
327 1391 386 1425 ap.
408 1381 443 1416 S.
465 1381 515 1416 M.
535 1381 619 1416 VIII
638 1381 706 1416 Iul.
728 1383 813 1416 1573
846 1381 889 1416 P.
908 1392 966 1415 an.
986 1382 1030 1417 Π.

268 1502 439 1544 Theiner,
458 1513 548 1537 ann.
569 1503 654 1537 eccl.
674 1502 725 1536 ad
743 1504 779 1537 h.
798 1514 832 1537 a.
853 1514 891 1537 n.
911 1505 942 1537 2.

347 1625 441 1670 22st
476 1633 586 1671 Tam
605 1631 783 1681 yracas.
807 1649 833 1654 -
853 1623 978 1677 Greg.
1002 1623 1107 1665 XIII
1129 1624 1224 1666 duci
1261 1624 1465 1667 Bavariae
1490 1625 1541 1667 de
1562 1626 1714 1667 litteris
1744 1627 1856 1668 circa

262 1697 584 1741 translationem
607 1695 755 1749 templi
777 1700 819 1737 et
840 1695 988 1738 domus
1008 1695 1050 1738 S.
1074 1696 1219 1738 Crucis
1240 1696 1294 1738 ad
1315 1698 1491 1738 iesuitas
1511 1698 1711 1751 gaudenti
1727 1699 1855 1752 signi-

263 1767 365 1810 ficat
385 1770 491 1812 nihil
512 1771 555 1810 in
576 1781 620 1809 se
642 1781 785 1810 morae
806 1780 899 1809 esse
919 1768 1020 1822 quia
1040 1768 1345 1822 impedimenta
1363 1782 1471 1822 quae
1487 1768 1714 1810 verebatur
1737 1769 1854 1811 nulla

264 1845 389 1949 ῗὲἳιξ.
411 1905 448 1940 S.
467 1905 517 1942 M.
538 1905 622 1941 VIII
639 1905 708 1940 Iul.
732 1907 814 1941 1573
834 1904 876 1939 P.
896 1904 1018 1939 an.11.

262 2035 315 2070 lb.

349 2154 442 2202 3οΫΖ
477 2158 685 2199 Libenter*
704 2157 917 2199 vidimus.
950 2179 976 2185 -
1015 2153 1136 2208 Greg.
1175 2153 1279 2196 XIII
1320 2155 1497 2196 Henrico
1533 2154 1733 2196 Poloniae
1771 2155 1857 2208 regi

266 2228 401 2269 electo
437 2226 708 2268 Edmundum
746 2226 1012 2279 (Augerium)
1047 2225 1089 2268 S.
1114 2225 1148 2268 I.
1182 2225 1322 2280 presb.
1357 2239 1481 2280 quem
1517 2226 1698 2268 libenter
1734 2226 1854 2279 vidit,

266 2299 549 2351 commendat,
573 2312 627 2340 ex
647 2299 766 2339 cuius
785 2311 993 2350 sermone,
1018 2311 1127 2352 quae
1143 2311 1237 2339 cum
1259 2311 1308 2339 eo
1334 2299 1434 2351 egit,
1453 2297 1588 2339 fusius
1615 2303 1852 2352 cognoscet.

269 2366 308 2401 R.
329 2377 386 2409 ap.
409 2365 445 2399 S.
466 2365 515 2400 M.
536 2364 659 2399 XXVI
677 2363 775 2407 Sept.
802 2365 883 2398 1573
903 2363 942 2397 Ρ.
965 2374 1023 2397 an.
1046 2364 1092 2399 II.

273 2489 445 2528 Ίὴεὶηεν,
460 2499 551 2522 ann.
570 2487 651 2521 eccl.
675 2487 726 2521 ad
744 2487 781 2522 h.
801 2498 837 2521 α.
855 2498 893 2521 n.
914 2488 969 2520 72.

351 2607 444 2654 37.2
477 2615 695 2664 Legimus
715 2613 819 2651 tuas
839 2610 1033 2651 litteras.
1075 2630 1100 2636 —
1138 2606 1262 2659 Greg.
1305 2605 1409 2646 XIII
1445 2606 1704 2648 Balthassari
1754 2606 1854 2649 abb.

269 2679 302 2720 F
304 2679 468 2721 uldensi
489 2679 725 2733 gratulatur
758 2678 809 2719 de
830 2678 928 2719 forti
948 2679 1089 2719 animo
1111 2683 1152 2719 et
1172 2676 1327 2719 Christi
1348 2677 1507 2730 gloriae
1539 2677 1695 2730 studio,
1718 2678 1859 2720 horta-

270 2758 340 2792 tur
360 2755 405 2792 ut
426 2751 673 2792 iesuitarum
696 2750 905 2803 imprimis
926 2762 1055 2802 opera
1075 2754 1220 2790 utatur
1240 2762 1376 2803 neque
1398 2762 1468 2790 eos
1490 2749 1708 2791 amandari
1730 2750 1860 2802 sinat,

271 2822 454 2863 scribere
475 2835 533 2863 sc.
558 2820 614 2863 ad
634 2819 976 2862 Maximilianum
998 2824 1039 2861 et
1058 2820 1111 2861 ad
1132 2819 1385 2874 capitulum,
1408 2826 1454 2861 ut
1476 2820 1719 2873 postulavit.

271 2889 312 2923 R.
333 2901 391 2932 ap.
413 2888 451 2923 S.
473 2889 513 2922 P.
534 2888 620 2923 XIII
640 2887 745 2922 Febr.
767 2889 851 2922 1574
872 2887 912 2920 P.
931 2898 991 2920 an.
1012 2886 1057 2922 ΙΙ.

275 2997 444 3036 Theiner,
463 3009 555 3033 ann.
573 2997 657 3031 eccl.
677 2999 727 3030 ad
744 2995 781 3032 h.
800 3007 836 3032 a.
855 3007 893 3031 n.
913 2997 968 3031 36.
