1989 3252
311 209 475 256 Innoc.
496 212 556 256 X.
981 239 1032 243 —
1063 217 1144 257 362
1171 241 1226 247 —-
1767 225 1898 270 1654.

387 298 460 341 45.
493 297 545 338 A.
569 296 617 338 F.
639 296 690 339 R.
717 296 776 340 M.
803 305 1147 347 conservationi
1165 309 1205 348 et
1225 310 1577 350 manutentioni.
1601 332 1627 339 —
1661 307 1806 352 Innoc.
1841 309 1895 363 X,

304 370 479 419 petente
499 367 651 421 Praep.
676 368 824 410 domus
854 371 960 423 pros.
995 372 1022 414 S
1075 372 1110 415 Ι.
1149 374 1436 429 Neapolitan.‚
1460 378 1658 431 prohibet
1690 394 1745 422 ne
1777 394 1895 433 vasa,

305 437 475 491 calices,
498 439 756 481 candelabra
778 445 821 482 et
840 441 925 483 alia
946 449 1195 496 paramenta
1215 446 1241 487 d
1280 447 1427 490 domus
1458 449 1663 503 ecclesiis,
1686 456 1895 494 monaste-

302 509 392 561 riis,
415 511 807 564 congregationibus
827 526 901 554 seu
923 514 1140 568 quibusvis
1171 519 1360 570 personis
1396 521 1731 575 commodentur,
1754 536 1895 577 aspor-

298 584 442 621 tentur
461 585 541 622 etc.
567 581 644 623 sub
666 596 802 636 poena
823 598 1030 627 excomm.
1055 586 1168 629 latae
1188 591 1445 632 sententiae.

300 645 341 681 R.
361 657 420 690 ap.
441 647 478 682 S.
500 647 549 681 M.
569 648 617 682 M.
640 648 762 685 XVIII
782 651 872 686 Nov.
895 655 979 688 1653
999 653 1039 686 P.
1059 664 1119 690 an.
1138 655 1185 690 X.

1522 779 1605 822 Rey.
1626 780 1715 814 bull.
1738 781 1796 817 VI.
1821 785 1892 817 122.

378 902 449 945 46.
485 906 671 957 Eoepom'
689 908 820 947 nohis
841 920 1003 961 nuper.
1028 931 1054 936 -
1076 906 1218 950 Innoc.
1246 907 1285 949 X
1307 909 1564 963 Hieronymo
1601 911 1746 955 Meltio
1781 927 1895 956 com-

296 971 430 1012 mittit
470 972 718 1015 facultatem
758 975 1006 1018 absolvendi
1040 977 1254 1031 litigantes
1289 985 1437 1022 contra
1472 982 1739 1035 presbyteros
1775 983 1816 1026 S.
1854 984 1889 1027 I.

296 1056 423 1096 super
445 1044 693 1088 fundatione
714 1047 880 1101 collegii
902 1048 944 1090 S.
968 1048 1143 1091 Martini
1163 1050 1202 1092 d.
1228 1050 1322 1094 Soc.
1346 1053 1388 1094 in
1419 1054 1593 1096 civitate
1622 1054 1890 1109 Maioricen.‚

296 1127 346 1155 eo
368 1114 480 1168 quod
499 1119 757 1160 recurrerint
777 1118 830 1161 ad
851 1119 1012 1162 iudices
1033 1121 1179 1164 laicos.

296 1179 339 1214 R.
358 1191 418 1224 ap.
439 1181 474 1215 S.
496 1181 547 1217 M.
568 1183 615 1215 M.
639 1183 720 1220 VlLI
735 1185 812 1220 Ian.
835 1188 919 1222 1654
937 1187 978 1222 P.
999 1198 1058 1221 an.
1079 1187 1125 1222 X.

294 1311 396 1346 Buca.
417 1313 524 1348 Rom.

378 1447 450 1490 47.
485 1446 534 1488 A.
566 1446 614 1488 F.
647 1447 697 1490 R.
732 1447 790 1490 M.
816 1456 1000 1507 Experti
1019 1455 1162 1497 nobes.
1187 1478 1213 1484 -
1248 1453 1391 1495 Innoc.
1432 1453 1484 1506 X,
1520 1458 1690 1509 petente
1725 1461 1889 1500 rectore

295 1515 391 1557 coll.
418 1515 458 1558 S.
484 1517 518 1559 I.
544 1517 851 1573 Panormitam,
875 1521 952 1562 sub
975 1536 1110 1576 poena
1145 1537 1236 1566 exc.
1271 1524 1345 1567 lat.
1373 1531 1481 1568 sent.
1505 1527 1721 1570 interdicit
1749 1543 1802 1571 ne
1837 1543 1891 1572 ex

296 1586 550 1630 bibliotheca
571 1590 610 1631 d.
637 1591 734 1632 coll.
759 1591 874 1645 libri,
899 1595 1141 1647 quinterna,
1164 1595 1267 1637 folia
1288 1600 1374 1638 tam
1397 1598 1603 1651 impressa
1623 1613 1750 1653 quam
1782 1615 1887 1645 msc.

294 1659 476 1713 extrahi,
501 1663 708 1715 asportari
730 1664 892 1716 possint
911 1664 979 1707 vel
999 1670 1047 1707 ut
1067 1668 1387 1710 commodentur
1406 1670 1689 1723 permittatur.

288 1724 333 1759 R.
353 1735 411 1767 ap.
433 1725 470 1760 S.
490 1726 538 1760 M.
561 1727 611 1762 M.
632 1728 704 1763 XX
722 1729 829 1764 Mart.
852 1732 936 1766 1654
956 1731 996 1764 P.
1016 1742 1074 1765 an.
1097 1732 1143 1766 X.

1511 1868 1601 1912 περ.
1621 1872 1708 1903 buzi.
1733 1869 1792 1905 vr.
1815 1872 1888 1905 123.

374 1992 447 2034 48.
481 1989 632 2044 Congr.
656 1990 696 2033 S.
722 1991 856 2033 Officii
878 2018 904 2023 —
924 1993 1068 2036 Innoc.
1094 1993 1132 2035 X
1151 2009 1280 2049 super
1298 1996 1506 2050 quaedam
1539 2002 1699 2041 asserta
1727 1999 1885 2042 Acta...

287 2062 658 2114 congregationum
664 2095 751 2105 .....
784 2063 836 2105 de
866 2065 1039 2107 auxiliis
1069 2066 1147 2107 sub
1178 2068 1346 2109 nomine
1367 2067 1437 2110 Fr.
1466 2069 1632 2123 Pegnae
1652 2074 1696 2111 et
1715 2070 1784 2112 Pr.
1810 2071 1890 2114 Th.

290 2131 342 2173 de
359 2131 510 2175 Lemos
528 2133 576 2175 O.
602 2134 703 2176 P....
726 2149 888 2178 necnon
915 2137 1123 2191 quoddam
1141 2139 1448 2193 autographum
1467 2141 1687 2183 cuiusdam
1702 2146 1889 2184 assertae

290 2208 422 2245 const.
452 2205 569 2246 Pauli
591 2204 627 2246 V
650 2220 778 2259 super
797 2207 1044 2251 definitione
1067 2211 1327 2264 quaestionis
1349 2211 1400 2253 de
1430 2212 1615 2254 Auxiliis
1636 2226 1687 2254 ac
1713 2212 1887 2255 damna-

289 2276 417 2317 tionis
438 2278 674 2319 sententiae
695 2277 801 2320 Lud.
825 2278 1013 2322 Molinae
1034 2280 1222 2323 declarat
1243 2283 1294 2323 iis
1317 2283 1480 2324 nullam
1511 2284 1681 2325 omnino
1703 2298 1794 2327 esse
1815 2284 1889 2326 ad-

289 2347 518 2389 hibendam
538 2348 666 2390 fidem
687 2363 824 2404 neque
845 2351 1020 2405 allegari
1042 2366 1178 2406 posse,
1202 2354 1275 2395 sed
1296 2354 1560 2396 observanda
1591 2369 1683 2397 esse
1716 2355 1887 2398 decreta

291 2418 413 2459 Pauli
436 2418 469 2459 V
495 2424 538 2461 et
558 2419 663 2463 Urb.
690 2420 808 2464 VIII.

295 2487 336 2519 13
354 2485 442 2529 Apr.
466 2488 559 2521 1654.

294 2606 406 2640 Αηαί.
428 2606 506 2640 Iur.
528 2608 639 2642 Pont.
658 2609 685 2644 I.
709 2612 803 2645 1226.

384 2746 459 2789 49.
496 2752 601 2789 Cum
632 2753 748 2790 sicut
770 2751 973 2792 dilectus.
994 2774 1020 2779 —
1040 2749 1187 2791 Innoc.
1212 2749 1263 2791 X.
1284 2755 1453 2804 petente
1475 2756 1578 2793 rect.
1602 2751 1697 2794 coll.
1717 2752 1769 2794 de
1789 2751 1889 2794 Bre-

300 2828 347 2856 ra
367 2828 493 2857 nunc.
514 2816 553 2857 S.
576 2816 609 2858 Ι.
630 2818 709 2860 civ,
728 2817 1012 2862 Mediolanen.
1037 2820 1211 2862 mandat
1231 2822 1561 2876 (archiepiscopo
1584 2821 1888 2877 Mediolanen.)

300 2890 348 2926 ut
378 2886 416 2927 d.
452 2887 643 2941 collegio,
676 2889 727 2930 ad
759 2889 963 2932 fabricam
995 2892 1248 2946 scholarum,
1278 2907 1330 2934 ex
1360 2907 1485 2935 onere
1517 2895 1642 2936 unius
1673 2895 1887 2949 pensionis

300 2961 404 2999 scut.
429 2960 509 2999 500
531 2959 708 3001 duarum
732 2960 989 3003 lecturarum
1010 2963 1348 3005 Canobianarum
1374 2969 1709 3019 nuncupatarum
1746 2980 1888 3020 prose-

300 3028 526 3082 quendam,
558 3030 805 3073 facultatem
831 3033 1036 3075 concedat
1074 3035 1323 3089 accipiendi,
1359 3036 1403 3077 in
1443 3037 1699 3091 emptionem
1738 3037 1886 3081 domus
