1989 3252
656 448 1271 528 INNOGENTH
1362 459 1544 533 XII.

306 678 538 712 Innocentius
556 680 636 720 XIl,
657 682 932 726 Neapolitanus,
952 686 1132 722 Antonius
1149 670 1391 732 PignatelluS,
1412 692 1530 735 presb.
1543 693 1657 728 Card.
1675 694 1733 730 tit.
1752 694 1788 730 S.
1809 695 1902 731 Pan—

368 734 486 776 cratii,
505 735 669 778 archiep.
691 738 965 782 Neapolitanus,
985 747 1128 777 creatus
1157 743 1241 786 XII,
1260 750 1454 782 coronatus
1481 748 1551 784 XV
1574 749 1652 784 Iun.
1683 752 1784 790 1691,
1810 751 1903 788 obiit

448 789 493 822 VI
558 802 577 824 e
607 795 630 824 t.
744 821 748 826 .

295 788 513 879 Ani-{JIGWI
529 789 569 879 18³.
582 794 737 890 Ἇηὲἔξὲ
748 848 967 884 Alamannio
983 850 1236 896 episcoporum
1255 866 1406 890 examen
1424 856 1669 900 demandavit,
1696 863 1731 893 et
1758 861 1795 894 P.
1816 860 1908 896 Pau-

365 899 441 933 lum
468 899 621 944 Segneii
648 903 874 944 pontificium
899 906 1209 951 concionatorem,
1233 920 1316 943 mox
1335 914 1369 944 et
1388 911 1425 945 S.
1444 912 1746 949 Poenitentiariae
1763 915 1901 950 theolo-

364 964 452 996 gum
471 955 637 990 adscivit.
652 958 757 991 Anno
779 961 860 994 1694
879 960 919 994 P.
937 960 1053 995 Paulo
1068 963 1211 998 senium
1224 966 1413 1001 excusanti
1426 967 1472 1001 ad
1488 968 1693 1011 pontificias
1710 971 1902 1006 conciones

365 1008 404 1042 P.
443 1010 602 1044 Vallium
641 1013 843 1053 substituit,
876 1019 912 1050 et
943 1026 1039 1050 anno
1072 1020 1156 1053 1695
1189 1019 1235 1054 ad
1267 1020 1302 1054 S.
1333 1021 1634 1058 Poenitentiariae
1672 1025 1901 1067 quaestiones

365 1063 405 1097 Ρ.
426 1065 620 1107 Iosephum
637 1067 680 1100 de
702 1068 838 1102 Alf-aro.
860 1069 931 1103 PP.
956 1071 1101 1106 loannis
1118 1073 1258 1109 Mariae
1276 1079 1311 1109 et
1328 1076 1478 1111 Antonii
1500 1078 1707 1123 Baldigiani
1731 1091 1842 1123 opera
1866 1088 1902 1117 et

364 1119 518 1153 consilio
538 1132 624 1155 usus
641 1128 693 1156 est
711 1124 835 1158 multis
852 1136 919 1158 nec
936 1126 1079 1162 levibus
1096 1127 1134 1162 in
1151 1129 1271 1171 rebus,
1291 1141 1333 1165 ac
1350 1136 1577 1175 postremum
1594 1134 1664 1169 sibi
1689 1135 1800 1170 etiam
1824 1146 1898 1170 mo-

361 1174 470 1209 rienti
488 1183 632 1219 praesto
649 1188 724 1211 esse
744 1179 869 1214 voluit.

378 1470 416 1512 1.
452 1467 694 1511 Facultates
715 1484 938 1514 concessae
959 1486 984 1514 a
1004 1472 1046 1515 S.
1070 1473 1120 1517 D.
1144 1473 1198 1517 N.
1223 1475 1272 1518 D.
1292 1475 1539 1520 Innocentio
1576 1479 1689 1534 Papa
1722 1479 1808 1522 XII
1840 1480 1887 1524 P.

292 1537 446 1581 Iacobo
482 1538 656 1582 Clarens
690 1542 732 1584 S.
771 1543 805 1584 Ι.
830 1544 1044 1597 praefecto
1079 1547 1324 1589 missionum
1355 1549 1488 1592 eiusd.
1522 1550 1563 1593 S.
1594 1552 1635 1592 in
1668 1553 1892 1606 provinciis

292 1608 427 1664 Belgii
447 1611 690 1655 foederatis.
710 1639 736 1645 —
755 1614 805 1655 In
827 1629 969 1669 congr.
989 1631 1084 1670 gen.
1104 1616 1146 1660 S.
1164 1617 1214 1661 R.
1235 1624 1278 1661 et
1302 1619 1351 1662 U.
1376 1620 1506 1676 Inq...
1526 1622 1579 1664 ad
1599 1624 1884 1667 triennium...

291 1682 383 1735 (cfr.
407 1682 501 1725 Inn.
536 1683 612 1726 XI.
646 1699 686 1726 n.
719 1687 792 1739 40)
822 1712 848 1717 -
877 1687 1116 1731 Alderanus
1145 1704 1211 1745 ep.
1245 1691 1405 1734 Ostien.
1438 1692 1561 1736 Card.
1596 1693 1728 1747 Cybo.
1763 1695 1884 1738 Alex.

290 1751 502 1806 Speronus
523 1755 563 1798 S.
589 1756 639 1798 R.
663 1757 699 1799 Ι.
724 1757 943 1819 Notarius.

288 1819 327 1852 F.
349 1823 369 1855 5
387 1821 446 1856 die
465 1825 505 1857 16
523 1824 618 1867 Aug.
640 1827 736 1860 1691.

348 1877 460 1911 Nota.
477 1878 671 1914 Permissio
687 1881 787 1915 Petri
807 1882 1084 1927 Archiepiscopi
1096 1883 1286 1919 Sebasteni
1299 1885 1364 1919 vic.
1382 1887 1532 1929 apostol.
1547 1887 1682 1931 excipit
1699 1888 1891 1923 facultates

285 1941 345 1964 nn.
367 1933 455 1971 9-12,
475 1944 568 1975 quae
580 1935 867 1970 matrimonialia
886 1942 1113 1973 concernunt
1130 1942 1165 1973 et
1182 1949 1271 1981 quas
1284 1940 1352 1974 sibi
1370 1946 1551 1984 reservatg
1571 1953 1630 1976 nn.
1651 1946 1667 1977 1
1687 1947 1722 1977 et
1739 1946 1759 1978 6
1779 1943 1889 1977 nemi-

283 1984 319 2019 ni
331 1988 574 2022 communicet
588 1991 815 2033 praefectus;
838 2003 904 2035 pro
917 1992 995 2027 istis
1013 1993 1129 2028 solum
1148 1994 1236 2028 locis
1249 1995 1439 2038 permittit,
1454 1997 1501 2031 ad
1514 2007 1606 2039 quae
1623 1997 1782 2041 religiosi
1802 1997 1838 2033 S.
1857 1999 1885 2034 I.

282 2041 327 2075 ab
345 2041 422 2086 ipso
439 2043 587 2078 admissi
604 2049 699 2081 sunt.

1503 2161 1592 2205 Ray.
1609 2162 1699 2196 bull.
1729 2162 1806 2197 VII.
1825 2164 1879 2197 25.

368 2261 408 2304 2.
445 2267 553 2305 Cum
575 2266 704 2306 nobis
724 2279 814 2307 non
838 2272 1003 2309 minus.
1025 2290 1050 2295 —
1070 2264 1164 2309 Inn.
1189 2265 1272 2308 XII
1301 2267 1364 2308 ill.
1388 2282 1438 2309 ac
1466 2273 1626 2322 potent.
1656 2272 1876 2325 utriusque

284 2328 501 2373 Tartariae
521 2337 564 2373 et
584 2333 777 2375 Sinarum
800 2336 1046 2389 imperatori
1071 2337 1124 2379 ob
1155 2337 1505 2391 benevolentiam,
1530 2354 1613 2395 qua
1642 2341 1684 2383 S.
1707 2341 1741 2383 I.
1777 2342 1875 2383 mis-

282 2402 488 2444 sionarios
509 2407 793 2459 prosequitur,
811 2411 950 2460 gratos
971 2408 1306 2461 praedecessoris
1327 2412 1392 2451 sui
1413 2425 1560 2453 sensus
1576 2426 1602 2454 a
1617 2412 1684 2455 Fr.
1705 2413 1763 2455 M.
1783 2412 1874 2467 Spi-

280 2472 376 2514 nola
395 2473 435 2515 d.
455 2474 496 2516 S.
516 2475 598 2528 ipsi
619 2477 906 2531 explicandos,
924 2493 998 2522 suo
1020 2481 1189 2523 nomine
1210 2480 1447 2535 confirmat,
1465 2484 1588 2537 eique
1609 2485 1872 2538 omnipoten-

279 2548 366 2586 tem
387 2545 521 2587 Deum
543 2549 770 2601 propitium
792 2555 1002 2603 precatur.

279 2609 321 2644 R.
340 2620 398 2654 ap.
419 2611 453 2645 S.
474 2613 523 2647 M.
545 2613 593 2647 M.
617 2614 646 2649 11
664 2614 760 2658 Sept.
782 2618 865 2651 1691
886 2616 926 2650 Ρ.
945 2628 1005 2651 an.
1021 2617 1048 2652 Ι.

275 2719 395 2764 [Apol.
410 2733 480 2765 pro
497 2723 594 2757 decr.
614 2725 719 2758 Aleae.
749 2726 856 2767 VIII]
874 2727 924 2761 ad
941 2729 1031 2762 calc.
1048 2740 1085 2772 p.
1104 2731 1171 2764 7-8.

358 2832 400 2875 3.
434 2830 483 2871 A.
511 2830 555 2873 P.
580 2831 616 2873 R
665 2833 721 2875 M.
755 2841 808 2878 ln
838 2841 1112 2892 apostolicae
1140 2841 1397 2895 dz'ym'catz's.
1425 2864 1451 2870 -
1479 2839 1573 2881 Inn.
1605 2839 1704 2893 XII,
1736 2854 1865 2894 quum

275 2899 533 2943 Ludovicum
565 2903 804 2957 Egitanien.
844 2908 1101 2962 episcopum.
1140 2913 1309 2962 petente
1343 2910 1467 2953 Petro
1502 2911 1784 2964 Portugalliae
1822 2915 1866 2954 et

274 2972 567 3027 Algarbiorum
590 2990 686 3031 rege
706 2977 758 3018 ad
779 2978 922 3020 sedem
943 2979 1218 3022 Elborensem
1239 2983 1262 3022 6
1284 2982 1368 3024 kal.
1390 2982 1504 3036 Sept.
1529 2982 1575 3025 P.
1601 2997 1668 3025 an.
1689 2983 1708 3024 Ι
1728 2990 1863 3026 trans-
