1989 3252
605 412 1161 485 BENEDICTI
1254 412 1462 485 XIV.
1517 505 1521 508 K

230 646 447 681 Benedictus
461 645 559 686 XIV,
579 645 828 687 Bononiensis,
845 644 1047 688 Prosperus
1068 643 1339 685 Lambertinus,
1358 644 1476 687 presb.
1494 644 1601 679 Card.
1622 644 1679 678 tit.
1696 644 1731 678 S.
1749 644 1833 678 Cru-

294 701 344 736 cis
363 702 399 735 in
419 700 660 740 Hierusalem,
680 700 842 744 archiep.
866 699 1055 734 Bononien
1089 703 1233 734 creatus
1257 698 1374 741 XVII,
1394 703 1587 734 coronatus
1612 698 1717 734 XXII
1736 700 1830 743 Aug.

297 759 395 797 1740,
413 756 504 790 obiit
518 755 568 792 ΠΙ
588 756 674 789 Maii
696 758 789 790 1758.

226 813 411 854 Quantum
427 821 539 854 opera
559 814 764 846 nostrorum
785 821 869 844 usus
887 809 934 844 sit
950 809 988 843 in
1018 808 1277 843 eruditissimis
1301 809 1375 843 suis
1400 809 1514 848 libris,
1535 809 1687 851 ipsemet
1711 808 1835 844 Ponti-

294 866 352 900 fex
367 865 568 909 profitetur.
590 864 764 899 Societati
783 864 943 907 plurima
962 863 1130 898 benevoli
1147 864 1259 897 animi
1278 863 1488 898 testimonia
1505 862 1625 905 dedit3
1645 862 1836 897 calumniis

295 925 463 955 vexatam
480 925 516 955 et
533 920 570 954 in
591 920 777 955 Lusitania
793 930 815 953 a
829 919 943 963 regiis
956 919 1133 954 ministris
1150 919 1252 962 quasi
1268 919 1379 954 falsae
1395 918 1584 953 doctrinae
1597 928 1699 952 ream
1713 928 1837 952 coram

293 988 331 1010 se
348 979 556 1010 accusatam
577 975 725 1009 minime
749 974 933 1017 deseruit3
960 977 1011 1017 at,
1036 984 1175 1008 morem
1202 984 1334 1018 gerens
1358 973 1450 1016 regi,
1476 972 1702 1007 cardinalem
1727 972 1838 1006 Fran-

295 1031 432 1065 ciscum
457 1030 645 1065 Saldanha
670 1030 895 1064 visitatorem
920 1029 1128 1067 constituit,
1156 1029 1218 1072 qui
1243 1040 1325 1063 cum
1352 1029 1386 1062 in
1413 1027 1594 1063 mandatis
1625 1027 1775 1062 haberet
1802 1031 1842 1062 ut

295 1086 359 1121 Dei
378 1086 536 1130 gloriam
554 1086 730 1120 maiorem
747 1090 781 1119 et
800 1084 990 1119 Societatis
1008 1085 1143 1118 bonum
1159 1091 1452 1128 prosequeretur,
1469 1085 1575 1126 longe
1593 1093 1695 1117 secus
1711 1093 1753 1116 ac
1771 1093 1836 1126 pro

297 1141 485 1176 Pontificis
504 1145 584 1175 voto
602 1141 789 1184 negotium
808 1140 965 1183 explevit
983 1140 1047 1181 (De
1076 1139 1240 1182 Novaes).

318 1437 357 1480 1.
393 1436 465 1477 Ad
484 1435 761 1490 auyendam.
784 1456 809 1462 -
839 1430 942 1474 Ben.
976 1429 1076 1473 XIV
1107 1431 1192 1473 ind.
1227 1429 1338 1483 plen.
1378 1430 1421 1470 in
1458 1428 1559 1470 eccl.
1602 1428 1643 1470 S.
1686 1427 1720 1469 Ι.
1762 1427 1830 1469 die

236 1510 261 1548 5
283 1504 407 1547 Febr.
432 1504 640 1556 concedit,
662 1503 715 1545 ad
736 1503 1018 1557 septennium.

237 1573 280 1607 R.
298 1583 355 1615 ap.
377 1572 413 1605 S.
434 1571 481 1606 M.
504 1571 555 1606 M.
578 1570 642 1606 VH
660 1569 758 1613 Sept.
779 1572 865 1605 1740
882 1570 923 1607 P,
943 1570 1049 1604 an.1.

235 1680 295 1714 Eae
313 1686 388 1724 typ.
408 1691 503 1714 cam.
525 1691 587 1724 ap.
1680 1675 1827 1709 Bullae.

319 1792 359 1835 2.
398 1795 671 1845 Quanquam
689 1792 916 1844 qrav‘z'tas.
940 1811 966 1817 -
987 1787 1089 1829 Ben.
1123 1785 1222 1827 XIV
1244 1785 1526 1838 Polycarpum
1555 1783 1688 1826 Sousa
1718 1784 1758 1826 S.
1793 1783 1826 1826 I.

236 1861 419 1902 electum
442 1859 645 1901 Pekinen.
669 1859 915 1912 episcopum
945 1871 1070 1912 quem
1093 1862 1220 1899 antea
1241 1857 1285 1898 in
1307 1870 1351 1897 re
1372 1857 1531 1898 rituum
1559 1857 1829 1909 tergiversas-

236 1946 282 1973 se
311 1932 496 1973 monitus
516 1930 611 1982 fuit,
635 1929 843 1970 docilitati
865 1929 1086 1982 religiosae
1107 1927 1336 1979 confidem,
1360 1927 1493 1978 iubet,
1517 1939 1570 1967 ne
1601 1925 1688 1966 ulla
1708 1925 1832 1967 detur

236 2002 434 2057 carpendi
464 2001 710 2043 Pontificem
741 2002 924 2054 occasio,
958 2002 1243 2042 iuramentum
1279 2000 1322 2040 in
1357 1999 1659 2041 constitutione
1691 1996 1822 2039 Clem.

238 2074 297 2115 XI
328 2082 400 2118 Ex
428 2079 507 2118 illa
537 2077 610 2118 dte
650 2074 970 2127 praescriptum,
1013 2078 1111 2114 aute
1152 2071 1436 2125 episcopalem
1472 2070 1829 2112 consecrationem

240 2152 470 2200 praestare.

239 2213 281 2247 R.
300 2224 359 2256 ap.
381 2211 418 2247 S.
437 2212 488 2247 M.
511 2212 557 2245 M.
582 2211 668 2246 XXI
689 2211 772 2245 Dec.
795 2213 880 2247 1740
900 2211 939 2244 P.
959 2221 1019 2245 an.
1038 2210 1064 2244 I.

238 2323 339 2356 Buzz.
357 2322 402 2356 de
418 2333 477 2364 pr.
500 2322 529 2365 f.
547 2322 616 2356 ΠΙ.
638 2324 689 2357 13.

323 2445 364 2490 3.
397 2442 550 2496 Congr.
572 2458 603 2483 s.
630 2442 701 2484 rit.
734 2447 776 2483 et
808 2441 895 2483 ind.
919 2466 944 2472 -
970 2420 1193 2483 Francisco
1225 2440 1276 2481 de
1310 2438 1604 2481 Vasconcellos
1635 2438 1830 2492 episcopo

239 2515 460 2557 Coccinen.
484 2515 528 2555 in
563 2512 654 2554 Ind.
681 2513 840 2554 Orient.
866 2513 907 2556 S.
932 2512 968 2556 I.
992 2512 1247 2566 supplicanti
1278 2511 1317 2553 S.
1353 2511 1393 2553 S.
1427 2517 1474 2552 ut
1505 2510 1584 2551 sibi
1615 2509 1832 2562 indulgeat

242 2586 485 2628 facultatem
503 2584 694 2627 lucrandi
710 2585 796 2627 ind.
822 2591 864 2627 et
894 2586 1050 2639 gratias
1071 2586 1171 2639 spir.
1191 2583 1231 2626 S.
1256 2583 1290 2626 I.
1316 2596 1536 2625 concessas
1557 2582 1711 2636 quibus
1733 2587 1832 2623 ante

242 2671 361 2699 suam
382 2657 714 2711 assumptionem
736 2656 969 2709 fruebatur,
996 2656 1036 2699 S.
1063 2655 1104 2699 S.
1129 2657 1277 2698 annuit
1301 2669 1375 2709 pro
1397 2655 1548 2708 gratia.

242 2727 283 2759 22
302 2724 411 2760 Febr.
433 2726 529 2759 1741.

1689 2829 1834 2864 Bullae.

329 2947 374 2989 4.
392 2919 552 2995 ‘Congu
578 2956 608 2983 s.
635 2941 701 2983 rit.
727 2946 769 2982 et
798 2940 886 2985 ind.
915 2964 941 2971 -
969 2940 1290 2994 Congregationi
1329 2939 1534 2981 nobilium
1570 2937 1833 2979 dominorum
