1989 3252
274 167 439 211 Innoc.
460 165 547 209 XI.
948 193 1001 199 —
1029 170 1110 210 410
1141 191 1196 196 —
1729 174 1859 218 1688.

365 255 436 298 38.
471 252 709 295 Innocentii
742 254 800 296 XI
838 256 963 313 breve
998 256 1328 299 confirmationis
1363 257 1515 299 indulti
1556 257 1784 300 Clementis
1825 257 1866 300 X

282 322 385 377 (Cfr.
410 338 452 365 n.
477 326 546 377 58)
568 327 621 366 30
641 324 745 367 Maii
770 327 877 368 1674
896 341 970 381 pro
991 328 1176 381 collegiis
1197 328 1312 378 Quiti
1332 334 1376 370 et
1395 328 1435 370 S.
1459 328 1592 371 Fidei.

274 390 403 425 101un.
426 392 521 426 1686.

1599 504 1753 538 Elench.
1774 506 1863 541 bull.

356 611 430 654 39.
466 611 539 652 Ad
559 612 839 665 auyendam.
862 634 888 640 -
922 609 1158 652 Innocentii
1192 610 1252 652 XI
1287 611 1374 653 ind.
1410 625 1486 665 pro
1521 611 1732 653 nonnullis
1754 613 1859 654 eccl.

271 679 312 722 S.
337 679 370 721 I.
397 679 465 721 die
488 681 538 721 13
559 679 667 722 Nov.
693 680 757 722 Ad
778 683 1046 735 septennium
1067 682 1166 735 (Cfr.
1193 697 1233 724 n.
1257 685 1316 736 2).

270 749 312 782 26
326 746 406 781 Oet.
428 749 512 782 1686

1598 860 1753 895 Elench.
1774 861 1864 895 bull.

349 967 426 1010 40.
462 963 710 1005 Facultates
747 977 970 1005 concessae
1004 978 1030 1006 a
1066 965 1137 1007 SS.
1179 967 1227 1008 D.
1253 965 1291 1006 N
1344 967 1589 1010 Innocentio
1624 968 1706 1012 div.
1744 982 1862 1022 prov.

271 1036 351 1078 ΡΡ.
376 1035 437 1077 XI
458 1036 504 1078 P.
531 1036 729 1088 Philippo
751 1035 916 1088 Regaus
936 1034 977 1077 S.
1002 1036 1038 1077 I.
1065 1037 1279 1090 praefecto
1300 1039 1548 1081 missionum
1587 1039 1719 1081 eiusd.
1744 1038 1785 1081 S.
1817 1040 1862 1080 in

268 1109 495 1162 provinciis
516 1107 650 1160 Belgii
671 1107 917 1148 foederatis.
942 1132 968 1137 -
989 1107 1039 1148 In
1060 1108 1184 1150 solita
1205 1109 1440 1162 audientia,
1458 1109 1565 1152 Rmo
1586 1110 1634 1152 P.
1659 1111 1864 1152 Commis-

269 1179 379 1219 sario
400 1191 493 1231 gen.
518 1177 560 1220 S.
585 1176 665 1219 Off.
692 1177 893 1219 referenti
915 1179 957 1219 in
978 1178 1116 1220 locum
1138 1181 1189 1222 A.
1213 1180 1260 1222 P.
1284 1180 1334 1223 D.
1360 1181 1611 1234 Assessoris,
1635 1180 1704 1224 SS.
1729 1181 1779 1224 D.
1801 1181 1855 1224 N.

265 1249 360 1291 Inn.
386 1249 467 1291 ΡΡ.
490 1247 550 1289 XI
571 1249 792 1302 concessit,
821 1253 947 1302 prout
977 1249 1014 1290 d.
1040 1249 1091 1291 R.
1114 1250 1162 1291 P.
1187 1249 1347 1294 Comm.
1371 1252 1517 1294 retulit
1546 1252 1587 1294 d.
1619 1252 1738 1294 Patri
1766 1252 1864 1293 Phi-

269 1321 384 1374 lippo
404 1319 571 1373 Regaus
586 1320 720 1373 praef.
745 1320 917 1362 miss...
945 1320 998 1362 ad
1012 1322 1242 1363 triennium
1263 1323 1433 1377 suprad.
1456 1323 1557 1376 fao„
1575 1323 1729 1378 quibus
1748 1323 1864 1365 nullo

271 1392 395 1434 modo
417 1393 478 1432 uti
500 1392 632 1444 possit
651 1393 732 1432 nisi
752 1396 974 1446 postquam
998 1393 1167 1435 easdem
1187 1394 1239 1436 R.
1262 1394 1312 1436 D.
1336 1394 1428 1437 Vic.
1462 1395 1540 1450 Ap.
1578 1395 1713 1449 Belgii
1747 1409 1866 1448 prae-

268 1464 546 1506 sentaverit...
592 1477 675 1505 non
715 1463 836 1505 alias
880 1465 931 1506 A.
975 1464 1056 1518 Ep.
1096 1466 1297 1508 Portuen.
1341 1466 1464 1509 Card.
1516 1465 1684 1520 Cybo...
1741 1467 1864 1508 Alex.

269 1535 480 1589 Speronus
501 1534 601 1577 Not.

270 1603 309 1637 F.
330 1607 345 1636 4
367 1602 401 1636 d.
421 1605 464 1636 29
480 1602 560 1637 Iun.
584 1603 679 1637 1687.

1443 1714 1528 1758 Req.
1551 1714 1641 1749 bull.
1671 1714 1730 1748 VI.
1751 1716 1815 1750 267
1832 1715 1865 1748 b.

355 1823 429 1866 41.
463 1820 591 1874 Cong.
617 1820 658 1862 S.
682 1820 769 1862 Rit.
794 1846 820 1851 -
841 1820 993 1862 Italiae
1014 1820 1053 1862 S.
1079 1819 1113 1862 I.
1138 1821 1202 1862 Ad
1223 1821 1332 1863 hanc
1361 1822 1645 1863 assistentiam
1675 1822 1866 1864 extendi-

271 1895 341 1932 tur
363 1892 445 1934 fao.
470 1891 541 1934 off.
566 1896 649 1935 vot.
674 1892 716 1934 S.
741 1891 852 1945 Ign.,
876 1893 988 1934 sicut
1007 1906 1082 1946 pro
1103 1892 1238 1934 Lusit.
1263 1897 1305 1935 et
1325 1892 1466 1936 Germ.
1489 1895 1542 1936 29
1562 1893 1654 1936 Ian.
1681 1893 1801 1935 1676.

270 1961 312 1993 22
331 1959 421 1993 Nov.
444 1961 540 1993 1687.
989 1963 993 1966 ’

272 2069 384 2102 Anal.
405 2069 485 2104 Iur.
503 2069 614 2103 Pom.
641 2068 745 2110 VIII,
764 2071 862 2104 2340.

363 2190 437 2234 42.
468 2187 660 2229 Remissa
695 2202 720 2229 a
756 2188 799 2229 S.
836 2187 985 2241 Congr.
1024 2188 1075 2230 de
1109 2202 1230 2242 prop.
1267 2188 1350 2231 fide
1384 2189 1437 2230 ad
1471 2188 1513 2231 S.
1550 2187 1629 2230 Off.
1668 2190 1868 2231 instantia

278 2260 323 2301 P.
349 2259 523 2301 Xaverii
544 2258 722 2301 Timone
738 2259 778 2301 S.
803 2259 838 2301 I.
860 2274 951 2313 sup.
976 2261 1223 2302 missionum
1241 2260 1373 2302 eiusd.
1394 2261 1482 2302 ord.
1502 2261 1544 2301 in
1563 2261 1703 2302 insula
1718 2260 1863 2303 Chii...

275 2330 317 2374 S.
342 2331 383 2373 S.
410 2331 677 2372 renovavit...
709 2330 762 2372 ad
803 2331 920 2372 aliud
959 2331 1301 2386 quadriennium.
1338 2357 1364 2363 -
1402 2331 1609 2373 Alexand.
1658 2331 1867 2386 Speronus

275 2402 316 2444 S.
341 2402 392 2444 R.
417 2406 460 2444 et
479 2402 536 2444 U.
559 2402 650 2456 Inq.
677 2402 776 2444 Not.

270 2469 311 2502 F.
332 2472 351 2502 4
370 2469 402 2502 d.
426 2472 465 2504 lO
483 2469 567 2503 Dec.
589 2470 685 2504 1687.

1488 2579 1577 2623 Req.
1595 2579 1683 2614 bule.
1711 2579 1769 2614 VI.
1788 2583 1866 2616 269.

361 2689 432 2732 43.
468 2687 618 2740 Congr.
662 2686 703 2727 S.
743 2686 827 2726 Rit.
867 2712 893 2718 -
928 2686 1080 2728 Senen.
1119 2686 1198 2727 Pro
1233 2687 1434 2729 facultate
1472 2688 1680 2730 retinendi
1714 2687 1784 2730 SS.
1820 2689 1864 2729 in

275 2758 471 2811 cappella
492 2759 659 2809 collegii
682 2762 724 2799 et
745 2758 983 2811 exponendi
1002 2772 1077 2812 per
1110 2758 1295 2812 aliquam
1331 2760 1478 2801 horam
1499 2760 1577 2801 sub
1597 2774 1737 2802 exerc.
1761 2761 1863 2813 spir.

271 2829 501 2870 remittitur
519 2829 572 2871 ad
592 2828 737 2871 Ordin.

270 2897 308 2928 21
331 2897 422 2938 Aug.
445 2898 540 2931 1688.

273 3003 388 3037 Anal.
409 3004 487 3038 Iur.
506 3003 617 3038 Pom.
645 3004 745 3048 VIII,
764 3007 851 3040 2358

1958 0 1989 158 'l

1977 158 1989 297 ξ
