1989 3252
154 209 231 253 Pii
250 209 330 254 IV.
824 235 879 242 —
907 213 983 253 511
1015 236 1070 242 —
1599 215 1728 260 1562.

153 300 201 336 ut
220 301 426 338 oratorem
446 297 585 338 mittat
600 296 653 338 ad
668 310 782 338 conc.
803 296 988 341 Trident.
1013 298 1131 349 Quod
1147 305 1190 341 et
1211 313 1236 341 a
1254 300 1497 354 patriarcha
1512 299 1732 354 Cpolitano

154 372 198 408 et
217 365 471 421 Cophtorum
492 372 648 421 sperat.

154 432 197 467 R.
214 443 273 475 ap.
292 433 327 468 S.
349 433 390 468 Ρ.
409 433 480 468 XX
499 435 592 476 Aug.
614 436 710 469 1561.
729 434 770 469 P.
788 445 847 469 an.
866 436 910 470 Π.

151 556 251 592 Ball.
267 563 363 598 part.
384 557 474 590 Port
492 559 520 592 Ι.
540 560 615 593 202.
636 560 756 602 Rayn.
779 560 875 593 Ann.
895 562 977 594 eccl.
998 560 1048 593 ad
1065 563 1101 594 Ιι.
1121 572 1155 595 α.
1177 572 1213 595 n.
1233 564 1287 595 64.

233 687 326 733 27.2
360 694 650 744 Omnipotens
670 695 709 732 et
731 693 1010 733 misericors.
1033 714 1058 720 —
1080 689 1180 731 Pius
1212 690 1271 731 IV
1307 691 1429 732 Card.
1460 692 1642 734 Antonio
1678 693 1730 734 de

151 757 359 799 Granvela
378 772 469 800 voc.
493 760 759 800 commendat
779 759 1067 812 religiosorum
1089 761 1287 802 Ordinem
1308 763 1381 815 qni
1400 762 1453 803 ab
1473 776 1523 804 eo
1551 764 1642 816 ipso
1663 764 1731 804 cui

150 843 194 871 se
229 831 485 872 devoverunt
518 831 613 872 Iesu
654 831 840 873 Societas
889 832 1108 885 appellati,
1141 837 1341 886 tanquam
1381 835 1477 875 vitis
1511 834 1730 875 abundans

150 902 345 955 palmites
373 916 483 954 suos,
506 903 682 956 collegia
710 903 864 957 ubique
895 903 1131 944 admirabili
1164 904 1448 946 foecunditate
1478 909 1725 959 propagant.

150 972 283 1014 Tanto
305 974 346 1014 in
368 974 608 1015 discrimine
629 974 857 1027 religionis,
882 975 1006 1015 huius
1025 974 1192 1015 Ordinis
1213 976 1515 1027 protectionem
1536 976 1579 1016 in
1600 974 1726 1016 Flan-

147 1043 238 1084 dria
258 1045 448 1098 regisque
468 1044 662 1085 dominiis
681 1045 1047 1098 circumspectioni
1070 1045 1161 1085 eius
1181 1046 1420 1087 committit.

148 1110 253 1146 XXX
272 1110 351 1145 Oet.
373 1113 467 1146 1561.
489 1111 529 1145 Ρ.
549 1122 608 1145 an.
628 1111 671 1146 II.

147 1235 268 1279 Rayn.
288 1238 389 1270 Arm.
409 1236 490 1271 eccl.
511 1237 560 1268 ad
576 1236 612 1271 h.
632 1248 666 1272 a.
685 1249 722 1271 n.
742 1239 795 1272 67.

229 1367 321 1412 33.2
352 1373 448 1411 Etsi
468 1382 629 1423 nuper.
654 1392 680 1398 —
700 1367 799 1408 Pius
820 1367 876 1408 IV
901 1367 1061 1409 Mariae
1085 1367 1249 1409 Scotiae
1281 1369 1448 1420 reginae
1479 1367 1649 1420 illustri,
1672 1369 1727 1410 ad

147 1451 273 1491 quam
303 1451 436 1492 nuper
463 1451 558 1479 cum
593 1438 728 1479 literis
763 1444 805 1479 et
840 1439 1063 1490 mandatis,
1086 1438 1286 1479 visitandi
1317 1452 1458 1491 causa,
1482 1440 1598 1480 misit
1630 1438 1724 1480 Nic.

146 1506 393 1549 Gaudanum
423 1508 559 1562 presb.
593 1508 693 1550 Ord.
717 1508 758 1550 S.
784 1508 838 1561 I.‚
861 1509 1096 1562 gratulatur
1117 1514 1358 1563 susceptam
1392 1523 1563 1562 operam
1600 1508 1726 1551 fidem

146 1578 377 1632 collapsam
409 1580 613 1632 erigendi,
645 1584 688 1621 et
721 1580 941 1621 consilium
977 1580 1172 1621 mittendi
1209 1584 1308 1633 epos
1342 1594 1437 1621 cum
1471 1585 1638 1622 oratore
1672 1579 1726 1621 ad

147 1663 264 1692 conc.
289 1649 404 1692 Trid.

143 1716 189 1752 R.
208 1727 265 1760 ap.
287 1716 322 1752 S.
344 1717 383 1752 P.
404 1718 473 1752 XII
492 1718 567 1752 Ian.
588 1718 628 1752 P.
649 1728 707 1752 an.
727 1718 787 1752 III.

143 1843 266 1886 Rayn.
284 1844 386 1878 Ann.
405 1843 489 1878 eccl.
509 1846 558 1876 ad
575 1846 611 1878 h.
630 1855 666 1878 a.
685 1855 723 1878 n.
745 1845 818 1878 182.

225 1968 318 2014 342²
347 1968 397 2009 A.
421 1968 468 2009 P.
493 1967 542 2009 R.
568 1967 625 2010 M.
652 1971 722 2011 Aa}
741 1971 1015 2023 apostolicae
1033 1970 1293 2024 diffiniatis.
1317 1991 1342 1997 -
1363 1966 1462 2008 Pius
1493 1967 1551 2009 IV
1573 1982 1721 2023 perpe-

142 2042 257 2079 tuam
275 2039 638 2092 cappellaniamin
650 2039 819 2092 paroch.
834 2039 984 2080 eccles.
1002 2039 1043 2080 S.
1061 2038 1190 2079 Blasii
1209 2037 1487 2081 Salamantin.
1502 2039 1722 2081 fundatam

142 2123 217 2163 per
234 2110 272 2151 b.
286 2125 342 2152 m.
362 2109 655 2152 Sebastianum
677 2111 758 2152 Paz
780 2111 1088 2164 presbyterum,
1112 2123 1202 2151 vac.
1233 2122 1308 2162 per
1328 2110 1482 2162 resign.
1510 2108 1722 2152 Francisci

143 2181 193 2222 de
214 2181 410 2223 Valentia
430 2182 483 2224 ad
503 2182 654 2224 reddit.
679 2184 732 2224 24
748 2182 887 2224 ducat.
907 2183 959 2224 de
976 2195 1078 2224 auro
1095 2182 1283 2222 annectit
1300 2180 1474 2234 collegio
1496 2181 1721 2223 Salmanti-

142 2265 233 2294 cen.
256 2252 298 2294 S.
321 2252 356 2295 I.

142 2318 183 2353 R.
203 2329 260 2362 ap.
280 2319 314 2353 S.
336 2319 376 2353 P.
398 2319 464 2354 XV
482 2319 555 2354 kal.
572 2319 657 2354 Maii
679 2323 774 2354 1562.
796 2320 836 2354 P.
856 2330 915 2355 an.
937 2318 998 2354 ΙΙΙ.

964 2450 1086 2484 Fund.
1107 2450 1211 2493 Hisp.
1231 2459 1302 2484 ass.
1317 2460 1378 2493 pr.
1403 2450 1502 2483 Tolet
1520 2455 1551 2482 et
1572 2449 1722 2486 Castell.

791 2666 936 2738 PII
984 2666 1073 2738 V.

219 2879 308 2925 11.²
341 2887 560 2924 cerciores
579 2881 694 2935 facte·
711 2895 884 2923 sumus.
908 2903 934 2909 -
973 2877 1071 2919 Pius
1111 2876 1147 2918 V
1184 2877 1435 2919 Michaelem
1472 2877 1714 2932 episcopum

136 2949 363 2992 Caeneten.
386 2949 480 2991 Sed.
501 2951 580 3003 Ap.
598 2949 804 2992 Nuntium
825 2950 943 2991 iubet
962 2963 1102 3002 regem
1123 2949 1519 2990 christianissimum
1536 2949 1651 2991 adire
1667 2954 1715 2990 ut

137 3021 523 3074 Gratianopolitano
546 3025 624 3074 epo
644 3020 867 3073 Ugonottis
887 3020 1045 3061 faventi
1067 3025 1110 3060 et
1130 3019 1390 3061 Ludovicum
1424 3019 1476 3061 de
1505 3019 1714 3063 Condi-eto
