1989 3252
267 182 408 226 Clem.
431 181 570 225 XIII.
932 203 983 210 —-·
1011 182 1092 221 496
1121 205 1176 212 -
1724 185 1852 230 1766.

268 280 500 308 moerorem
535 271 578 307 et
611 279 663 307 ex
699 271 831 307 const.
858 271 1165 322 alpos-sollenne
1195 267 1403 309 laetitiam
1439 268 1653 322 referenti,
1689 275 1853 323 gratum

268 339 422 392 promit
456 339 644 379 animum
667 353 674 390 ;
699 351 780 391 quo
802 338 959 379 maiore
994 338 1088 378 illos
1109 338 1250 380 favore
1271 345 1312 380 et
1341 339 1480 381 studio
1501 340 1665 393 foverit,
1688 355 1736 382 eo
1757 341 1851 394 plus

269 410 349 451 sibi
370 410 624 463 apostolicae
645 410 876 450 voluntatis
898 414 940 450 et
959 411 1118 462 gratiae
1139 410 1397 452 conciliabit.

269 476 309 510 R.
330 487 386 520 ap.
408 475 443 510 S.
465 476 513 511 M.
533 476 582 510 M.
602 475 689 511 XIII
707 475 794 509 Nov.
818 477 902 511 1765
921 475 960 510 P.
981 487 1039 510 nn.
1063 476 1158 511 VIII.

267 585 368 621 Bull.
387 586 495 621 Rom.

350 715 420 757 69.
459 718 542 758 Qm'
562 719 814 767 eyreqz'emz.
835 736 860 741 —
879 710 1009 752 Clem.
1030 709 1135 751 XIII
1152 711 1359 753 Clementi
1380 712 1492 763 regio
1514 711 1712 753 Poloniae
1733 711 1851 752 Prin-

269 784 352 836 cipi
375 797 397 823 e
429 781 577 823 Ducib.
603 781 812 823 Saxoniae
848 782 981 823 electo
1017 783 1212 835 episcopo
1246 780 1480 834 Frisingen.
1504 788 1547 823 et
1581 781 1849 836 Ratisponen.

268 855 496 896 committit
516 858 563 894 ut
583 853 696 906 apud
719 853 895 895 Maxim.
920 852 1002 894 Ios.
1027 853 1231 894 Bavariae
1253 853 1410 894 Ducem
1432 858 1543 906 agat,
1567 867 1619 894 ne
1640 853 1854 896 Ecclesiae

267 927 423 967 iniuria
457 925 664 966 inferatur
685 939 789 966 neve
812 939 908 978 pars
943 925 1118 978 collegio
1138 924 1429 977 Neoburgensi
1460 925 1500 966 S.
1525 924 1560 966 I.
1583 925 1776 978 adversa,
1799 927 1853 967 ad

269 997 463 1038 laicalem
486 1000 737 1050 potestatem
759 997 961 1037 iudicium
982 1010 1136 1038 causae
1157 995 1415 1037 decimarum
1436 996 1589 1037 trahat.

269 1064 309 1098 R.
331 1075 387 1106 ap.
409 1063 445 1098 S.
465 1064 515 1098 M.
538 1062 774 1097 M.V11Dee.
797 1064 881 1098 1765
899 1063 940 1096 P.
962 1073 1019 1096 an.
1042 1063 1135 1098 VII1.

266 1173 367 1208 Bulz.
386 1174 492 1209 Rom.

350 1286 421 1329 70.
459 1287 584 1330 Quod
599 1286 813 1339 plurimi.
839 1307 864 1313 —
898 1282 1027 1324 Clem.
1052 1281 1157 1322 XIII
1194 1281 1341 1322 Carolo
1376 1281 1504 1323 Mich.
1543 1282 1855 1335 archiepiscopo

266 1357 488 1408 Gorifien„
513 1355 564 1396 de
585 1360 716 1396 const.
742 1357 1053 1411 Apostolicum
1075 1353 1303 1405 gratulanti
1325 1357 1366 1394 et
1388 1353 1586 1394 referenti
1616 1367 1691 1406 per
1711 1356 1735 1394 3
1756 1353 1852 1395 coll.

265 1427 306 1470 S.
331 1427 366 1470 I.
391 1441 415 1468 a
444 1426 575 1468 Clem.
600 1425 703 1467 VIII
724 1426 889 1467 haeresi
918 1425 1083 1466 obiecta
1103 1424 1155 1466 ab
1187 1425 1300 1465 omni
1326 1438 1466 1466 errore
1501 1424 1733 1466 abstersam
1755 1425 1856 1466 olim

265 1500 477 1553 regionem
514 1512 650 1552 neque
685 1502 928 1551 praesentes
963 1497 1004 1538 d.
1029 1496 1069 1538 S.
1095 1496 1270 1537 clericos
1305 1509 1349 1537 se
1387 1496 1615 1537 maioribus
1651 1495 1854 1538 exhibere

266 1571 502 1623 inferiores,
526 1569 853 1611 consolationem
881 1568 1171 1609 incredibilem
1198 1567 1279 1608 sibi
1300 1568 1398 1608 inde
1419 1567 1591 1608 allatam
1617 1580 1706 1609 esse
1728 1568 1853 1620 signi-

263 1642 438 1751 11161113.
462 1707 509 1741 M.
532 1708 581 1742 M.
604 1707 668 1742 vn
690 1707 770 1740 uec.
795 1709 879 1741 1765
898 1706 938 1740 P.
959 1716 1019 1741 an.
1042 1705 1135 1740 v111.

268 1820 367 1854 Ball.
388 1820 493 1855 Rom.

349 1941 419 1984 71.
454 1938 518 1980 Ex
538 1938 755 1980 audientia
776 1937 1056 1980 Sanctissimi.
1082 1938 1147 1979 Ad
1170 1939 1284 1980 hum.
1310 1951 1455 1991 preces
1472 1937 1597 1979 Laur.
1618 1936 1734 1978 Ricci
1756 1935 1797 1978 S.
1817 1936 1852 1978 I.

267 2010 416 2064 Praep.
442 2010 544 2051 Gen.
565 2009 696 2051 Clem.
715 2009 819 2050 XIII
837 2010 1045 2051 concessit
1059 2010 1197 2051 eidem
1216 2014 1258 2050 et
1274 2009 1584 2050 successoribus
1603 2008 1850 2049 facultatem

268 2082 535 2136 impertiendi
573 2082 613 2124 d.
639 2081 681 2123 S.
703 2081 907 2134 religiosis
928 2082 971 2122 in
1006 2082 1127 2123 artic.
1153 2082 1299 2122 mortis
1321 2080 1470 2123 bened.
1495 2094 1590 2121 cuni
1626 2080 1712 2121 ind.
1738 2080 1848 2133 plen.

268 2153 488 2207 Perpetuis
510 2152 664 2194 futuris
684 2158 863 2206 tempor.
887 2152 1045 2207 absque
1067 2152 1204 2194 brevis
1226 2152 1378 2206 exped.
1403 2152 1601 2193 valitura.

267 2220 357 2255 XXI
372 2221 448 2255 Ian.
470 2222 565 2254 1766.

266 2329 380 2364 Amal.
398 2330 477 2364 Jur.
499 2329 639 2372 Pontis.
655 2329 724 2363 III.
747 2331 842 2364 1105.
862 2346 904 2352 ——
925 2328 981 2362 E'oe
998 2338 1074 2371 zyp.
1093 2340 1187 2363 cam.
1208 2339 1268 2370 ap.
1288 2332 1337 2363 40.
1710 2328 1855 2362 Bullae.

352 2442 423 2485 72.
458 2441 588 2483 Alias
607 2441 672 2494 fel
691 2454 782 2483 rec.
805 2462 831 2468 -
851 2437 983 2480 Clem.
1007 2436 1128 2490 XIII,
1148 2442 1317 2490 petente
1339 2441 1612 2490 procuratore
1633 2449 1725 2489 gen.
1752 2435 1793 2477 S.
1818 2435 1853 2477 Ι.

269 2509 323 2552 ad
360 2513 410 2552 15
447 2523 577 2551 annos
614 2514 810 2564 prorogat
845 2509 1150 2561 indulgentiam
1187 2508 1418 2562 plenariam
1456 2521 1527 2561 pro
1564 2507 1856 2549 communione

269 2581 454 2635 generali
474 2594 560 2623 una
585 2595 638 2623 ex
659 2581 881 2622 dominicis
916 2580 1142 2622 cuiuslibet
1162 2581 1316 2621 mensis
1337 2593 1577 2621 concessam
1607 2578 1661 2620 ab
1682 2578 1774 2619 Inn.
1799 2576 1853 2631 X,

268 2654 389 2695 Alex.
415 2652 512 2705 VII,
549 2652 644 2695 Inn.
675 2651 752 2705 XI,
776 2651 868 2694 Inn.
901 2651 1000 2704 XII,
1037 2651 1169 2693 Clem.
1206 2651 1283 2703 XI,
1320 2651 1412 2692 Inn.
1447 2649 1567 2703 XIII,
1603 2648 1735 2692 Clem.
1773 2648 1855 2690 XII

268 2728 329 2778 (n.
357 2725 424 2778 19)
444 2729 487 2766 et
506 2723 610 2766 Ben.
634 2722 749 2765 XIV.

265 2790 310 2826 R.
329 2801 386 2834 ap.
408 2790 444 2825 S.
465 2790 515 2824 M.
537 2790 587 2825 Μ.
606 2790 694 2826 XXI
712 2790 789 2825 Ian.
810 2792 894 2825 1766
911 2789 951 2824 Ρ.
971 2799 1030 2824 an.
1051 2789 1144 2825 VIII.

268 2900 340 2935 Ew
359 2906 433 2943 typ.
453 2910 548 2934 cam.
570 2910 631 2943 ap.
1709 2896 1854 2931 Buzzae.

351 3009 424 3053 73.
456 3012 721 3051 Societatem
761 3013 877 3051 Iesu.
914 3030 939 3036 -
977 3006 1108 3048 Clem.
1151 3005 1255 3047 XIII
1296 3004 1495 3046 Silvestro
1535 3005 1848 3058 archiepiscopo
