1989 3252
161 151 334 195 Bened.
358 150 483 194 XIV.
834 175 889 180 —
917 152 997 191 465
1027 175 1079 180 —-
1609 152 1736 197 1742.

159 237 203 278 in
232 236 327 278 coll.
360 235 399 278 S.
433 235 468 277 I.
502 235 744 277 Divionensi
774 237 1089 278 translationem
1125 236 1282 290 indulg.
1316 250 1390 290 pro
1426 237 1533 278 festo
1573 238 1737 279 titulari

158 308 501 348 Annuntiationis
528 306 575 348 Β.
600 306 656 348 Μ.
684 306 732 348 V.
757 309 921 361 quoties
951 308 1104 349 festum
1133 308 1384 349 transfertur
1415 309 1590 361 petenti,
1622 322 1730 363 resp.

158 377 441 432 approbando,
464 383 624 420 attento
646 377 757 420 decr.
786 381 831 419 11
858 379 981 421 Mart.
1011 382 1131 420 1690.

157 447 199 479 22
216 443 322 478 Febr.
344 446 439 479 1741.

1592 556 1739 591 Bullae.

240 664 282 706 5.
313 661 461 713 Gongr.
482 675 515 702 s.
535 662 603 702 rit.
627 686 653 691 —
673 659 870 702 Catacen.
890 675 963 702 seu
984 660 1076 704 Soc.
1096 661 1207 703 Iesu,
1232 661 1364 715 Super
1397 661 1569 705 ficentia
1589 669 1737 716 peten-

156 731 208 773 da
229 731 281 772 ab
301 735 379 785 epo
401 731 454 773 ad
476 731 732 773 exercendas
753 745 893 773 sacras
914 732 1164 785 functiones,
1188 732 1418 775 ordinarias
1440 739 1483 775 et
1503 733 1735 776 extraordi-

155 805 309 845 uarias.

153 871 196 903 25
212 870 297 912 Apr.
319 871 415 903 1741.

150 978 261 1011 Ανιαῐ.
280 977 359 1010 Iur.
375 976 485 1011 Pom,
513 976 610 1017 VIII,
630 978 729 1011 2028.

232 1087 273 1130 6.
309 1087 380 1128 Ad
399 1088 674 1141 aayendam.
696 1109 721 1115 -
741 1084 843 1125 Ben.
868 1083 967 1125 XIV
989 1085 1074 1126 ind.
1096 1085 1208 1138 plen.
1242 1086 1342 1128 eccl.
1366 1085 1409 1129 S.
1434 1087 1468 1129 I.
1494 1089 1627 1141 primo
1662 1088 1730 1130 die

149 1170 233 1198 non
253 1155 451 1209 impedito
474 1160 566 1208 post
586 1155 738 1197 festum
762 1154 831 1197 SS.
857 1155 973 1197 Trin.
997 1157 1266 1198 visitantibus
1286 1157 1491 1209 concedit,
1514 1172 1588 1212 pro
1612 1160 1734 1201 unica

149 1229 239 1269 vice
258 1227 450 1268 valituris
472 1225 574 1280 (Cfr.
601 1226 662 1268 Cl.
687 1225 770 1268 XII
791 1241 832 1268 n.
856 1229 945 1280 22).

150 1292 194 1328 R.
212 1304 268 1336 ap.
290 1292 327 1328 S.
346 1293 395 1327 M.
415 1293 464 1326 M.
485 1292 606 1328 XVIII
624 1294 710 1336 Apr.
736 1295 815 1327 1741
837 1293 875 1326 Ρ.
896 1294 1000 1328 an.1.

151 1402 210 1436 Εοσ
227 1407 301 1445 typ.
319 1412 411 1435 cam.
430 1412 490 1445 ap.
1591 1405 1735 1438 Bullae.

234 1522 275 1565 7.
308 1520 358 1562 A.
383 1519 429 1561 P.
455 1519 504 1561 R.
529 1519 587 1561 M.
615 1527 797 1577 Eoepom'
816 1524 944 1564 nobis
966 1537 1124 1578 nuper.
1165 1547 1190 1552 -
1221 1522 1323 1564 Ben.
1357 1522 1455 1563 XIV
1499 1523 1584 1564 ind.
1620 1524 1730 1577 plen.

151 1592 194 1633 in
214 1592 415 1633 honorem
438 1592 478 1633 S.
504 1590 572 1633 Fr.
597 1591 720 1645 Regis
741 1605 766 1632 a
787 1590 915 1634 Clem.
942 1591 1022 1633 XII
1046 1607 1118 1647 per
1136 1594 1259 1635 breve
1295 1597 1342 1634 19
1375 1595 1473 1647 Apr.
1502 1596 1606 1636 1738
1637 1608 1734 1636 con-

150 1675 310 1704 cessam
332 1663 374 1703 in
396 1662 506 1703 diem
531 1664 580 1702 16
602 1662 713 1703 Iunii
733 1663 948 1705 transfert.

151 1727 193 1762 R.
213 1738 268 1771 ap.
291 1728 327 1762 S.
350 1729 396 1761 M.
417 1728 466 1762 Μ.
486 1728 559 1763 XX
577 1729 681 1762 Febr.
705 1731 787 1763 1742
807 1729 846 1763 P.
866 1740 924 1763 an.
946 1730 990 1765 11.

151 1837 243 1871 Νου.
263 1837 353 1871 bule.
368 1838 403 1871 S.
423 1838 452 1871 I.
472 1840 547 1872 261.

232 1962 272 2003 8.
308 1959 357 2000 A.
382 1958 428 2000 P.
453 1958 503 2001 R.
528 1959 585 2000 Μ.
611 1965 682 2002 Ex.
700 1975 786 2016 quo
806 1963 1052 2017 sz'nyetlam'.
1090 1986 1116 1992 —
1150 1960 1253 2003 Ben.
1287 1961 1402 2014 XIV,
1436 1961 1581 2003 relatis
1611 1963 1732 2004 dissi-

151 2030 312 2072 diorum
334 2030 385 2072 de
404 2030 555 2072 ritibus
576 2030 820 2072 Sinensibus
841 2032 1018 2073 historia
1037 2042 1079 2073 et
1100 2032 1186 2074 RR.
1212 2033 1291 2074 ΡΡ.
1316 2034 1509 2085 decretis,
1529 2035 1732 2075 constitu-

150 2103 306 2143 tionem
321 2101 451 2144 Clem.
484 2102 543 2143 XI
562 2105 633 2141 Ea:
654 2101 731 2141 ella
752 2102 825 2143 zlz'e
860 2105 1096 2156 confirmat,
1130 2107 1420 2158 permissiones
1444 2111 1536 2147 octo
1557 2119 1581 2146 a
1602 2098 1731 2158 patri-

151 2173 277 2214 archa
297 2178 338 2214 et
356 2175 466 2215 visit.
490 2174 718 2228 apostolico
741 2174 1015 2216 Mediobarba
1035 2177 1057 2215 ‘7
1081 2174 1184 2216 Nov.
1214 2177 1314 2217 1721
1345 2175 1464 2217 datas
1496 2181 1538 2216 et
1568 2175 1620 2216 ab
1652 2179 1729 2229 epo

151 2242 351 2285 Pekinen.
377 2257 450 2297 per
480 2244 598 2286 binas
629 2245 859 2298 pastorales
894 2246 1127 2299 publicatas
1162 2260 1186 2287 a
1221 2245 1350 2288 Clem.
1384 2245 1465 2287 XII
1495 2260 1569 2299 per
1598 2245 1728 2287 Breve

154 2317 307 2367 Apost.
328 2315 658 2356 Solle'cc‘cudzm's
689 2318 791 2370 (Ufr.
818 2332 858 2359 n.
886 2319 954 2370 16)
985 2317 1218 2369 damnatas,
1246 2323 1339 2370 post
1370 2330 1523 2358 novum
1554 2330 1731 2358 examen

151 2391 289 2427 cassat
308 2391 350 2427 et
379 2387 573 2439 prohibet
593 2392 634 2428 et
655 2401 805 2429 novam
834 2389 1061 2429 iuramenti
1090 2387 1313 2429 formulam
1345 2387 1593 2440 praescribit
1630 2387 1728 2427 mis-

152 2456 346 2497 sionariis
366 2458 666 2511 cuiuscumque
688 2457 786 2499 Ord.
810 2472 859 2499 ac
880 2458 921 2500 S.
945 2457 979 2499 I.

152 2520 194 2555 R.
213 2532 270 2564 ap.
291 2521 326 2556 S.
350 2522 397 2556 M.
416 2523 466 2558 M.
486 2522 530 2558 V.
548 2523 597 2558 id.
620 2523 684 2558 lul.
706 2526 789 2559 1742
807 2524 848 2558 P.
868 2535 925 2558 an.
946 2524 989 2559 ΙΙ.

149 2629 247 2663 Buce.
267 2630 374 2666 Rom.
393 2648 436 2655 -
451 2632 551 2665 Bull.
574 2634 617 2665 de
630 2642 692 2676 pr.
711 2633 738 2676 f.
759 2633 826 2667 III.
847 2634 901 2667 73.

234 2741 276 2784 9.
306 2737 454 2792 Congr.
478 2754 512 2781 s.
536 2741 605 2781 rit.
642 2764 667 2771 -
697 2740 918 2782 Decretum
950 2741 1170 2783 Brasilien.
1209 2740 1505 2782 declarationis
1537 2742 1728 2793 martyrii

152 2822 247 2851 ven.
265 2822 371 2851 serv,
390 2809 468 2851 Dei
487 2810 640 2864 Ignatii
662 2812 712 2853 de
732 2813 922 2854 Azevedo
944 2819 987 2853 et
1007 2813 1185 2854 aliorum
1207 2814 1258 2853 39
1280 2825 1302 2853 e
1323 2811 1364 2853 S.
1384 2811 1418 2852 Ι.
1445 2813 1495 2853 15
1515 2811 1595 2853 Iul.
1624 2812 1728 2854 1570

153 2880 196 2920 in
216 2878 356 2920 odium
378 2878 478 2920 fidei
498 2884 540 2921 et
559 2880 678 2922 Sedis
696 2881 842 2934 Apost.
867 2882 1111 2923 occisorum.
1136 2882 1319 2924 Attentis
1340 2882 1602 2936 processibus
1633 2883 1729 2925 soli—

152 2950 221 3002 tis,
253 2949 391 2991 cultus
420 2952 670 3005 antiquitate
700 2957 742 2994 et
770 2954 978 3006 paritione
1008 2953 1186 3014 decretis
1215 2952 1319 2994 Urb.
1349 2952 1449 2994 VIII
1480 2955 1579 2995 anni
1604 2955 1726 3008 1625,
