1989 3252
286 229 430 275 Clem.
451 228 590 274 XIII.
950 253 1003 261 -
1031 230 1113 271 490
1143 252 1196 258 -
1748 230 1875 279 1764.

288 329 460 359 causam
481 316 646 358 adiuvit
666 321 707 359 et
728 317 1002 360 iansenianae
1033 321 1174 361 sectae
1203 317 1401 361 adversus
1430 332 1525 362 eam
1547 319 1877 362 coniurationem

289 391 331 429 et
351 391 465 429 artes
487 387 705 440 pudendas
726 390 937 442 exposuit.

286 453 331 488 R.
351 465 397 496 ap
416 453 453 488 S.
472 453 522 488 M.
541 454 591 488 M.
612 453 663 489 IV
683 455 769 498 Apr.
792 457 876 491 1764
892 456 933 491 P.
953 466 1012 491 an.
1034 457 1093 492 VI.

288 563 387 597 Ball.
407 564 515 598 Rom.
535 581 578 587 —
596 563 709 597 Sensa
727 565 807 600 RR.
829 564 908 600 ΡΡ.
928 576 961 609 p.
983 567 1036 600 84.

373 673 447 716 39.
481 674 716 716 Jucmzdae
735 678 879 717 nobis.
919 697 944 702 -
978 671 1111 715 Clem.
1144 672 1249 714 XIII
1285 673 1460 715 Nicolao
1490 674 1684 728 episcopo
1718 673 1881 716 Nolano

291 746 458 796 gratum
480 746 788 797 acceptumque
809 757 901 785 esse
923 744 1080 798 gaudet
1094 744 1206 799 quod
1226 744 1453 787 carendum
1474 745 1554 799 ipsi
1574 759 1658 786 non
1675 746 1728 787 sit
1748 745 1882 788 Nolae

292 813 466 855 Patrum
488 813 528 856 S.
553 813 588 856 I.
614 827 760 867 opera,
785 814 836 856 de
871 815 1025 868 quibus
1055 829 1107 857 ex
1145 816 1198 857 iis
1231 830 1335 870 quos
1370 817 1531 858 Reatae
1566 820 1766 869 expertus
1800 821 1880 870 est,

290 884 416 926 facile
448 885 649 937 coniicit3
674 889 855 927 testatur
890 900 935 927 se
957 886 1057 928 olim
1093 888 1136 928 in
1159 887 1389 929 Patavinae
1424 888 1629 929 ecclesiae
1663 888 1880 941 regimine,

291 956 371 997 hoc
401 969 593 998 annonae
629 956 904 999 calamitosae
939 971 1048 999 anno
1085 958 1244 1000 Romae
1279 959 1507 1012 plurimam
1543 972 1688 1001 eorum
1722 959 1882 1001 utilita-

291 1030 376 1068 tem
399 1028 654 1080 percepisse,
677 1027 819 1070 dolere
841 1042 886 1070 se
907 1028 958 1070 de
979 1029 1245 1071 inimicorum
1267 1030 1310 1070 in
1331 1029 1371 1071 S.
1390 1029 1425 1072 I.
1449 1034 1493 1072 et
1508 1029 1657 1071 Sedem
1673 1031 1880 1084 Apostoli-

294 1111 386 1139 cam
425 1098 646 1140 conatibus
684 1099 875 1154 nihilque
913 1113 996 1141 non
1035 1104 1228 1142 acturum
1268 1115 1351 1155 quo
1390 1099 1431 1143 S.
1469 1100 1504 1142 I.
1541 1115 1649 1154 pene
1688 1101 1882 1143 obrutam

294 1172 479 1210 tueatur.

294 1235 335 1269 R.
356 1247 414 1278 ap.
437 1235 472 1270 S.
493 1236 542 1270 M.
562 1235 612 1270 M.
634 1235 687 1270 IX
706 1235 779 1270 kal.
800 1237 893 1279 Aug.
916 1238 1001 1272 1764
1020 1237 1061 1272 Ρ.
1082 1248 1140 1271 an.

294 1346 345 1378 De
362 1346 579 1388 Ravtynan,
600 1356 657 1388 op.
678 1347 754 1385 cil„
777 1357 809 1388 p.
829 1347 905 1381 291.

377 1467 454 1510 40.
490 1469 616 1508 Inter
634 1465 929 1520 praecipuas.
950 1489 975 1494 -
992 1462 1124 1505 Clem.
1144 1462 1249 1506 XIII
1268 1465 1563 1507 Maximiliano
1582 1465 1665 1507 Ios.
1684 1465 1888 1507 Bavariae

296 1535 417 1588 Duci‚
442 1535 484 1578 S.
522 1535 571 1577 R.
598 1535 704 1589 Imp.
730 1535 913 1577 Electori
950 1536 991 1576 in
1024 1541 1209 1577 mentem
1245 1541 1415 1578 revocat
1446 1536 1557 1591 quod
1591 1537 1694 1579 Ben.
1718 1536 1823 1578 XIII
1843 1538 1887 1579 in

298 1621 423 1648 causa
456 1607 722 1651 ,decimarum
761 1607 857 1649 coll.
903 1607 942 1649 S.
986 1607 1005 1647 Ι
1014 1640 1021 1648 .
1064 1606 1375 1661 Neoburgensis
1413 1622 1537 1649 avum
1578 1609 1668 1650 eius
1708 1607 1884 1650 Maxim.

299 1679 479 1731 monuit,
498 1678 552 1719 ad
574 1678 775 1720 iudicium
797 1678 949 1720 laicale
970 1679 1082 1720 trahi
1103 1692 1186 1721 non
1208 1693 1329 1733 posse
1347 1693 1518 1722 causam
1540 1680 1886 1733 ecclesiasticam,

301 1749 498 1804 idemque
520 1764 617 1792 eum
642 1754 800 1802 monet,
823 1763 876 1791 ne
897 1764 954 1791 sc.
974 1750 1091 1791 illam
1115 1764 1285 1792 causam
1305 1751 1357 1792 ab
1374 1751 1473 1793 eccl.
1493 1751 1649 1793 iudicio
1666 1751 1886 1794 subducat.

300 1816 344 1851 R.
365 1828 423 1859 ap.
445 1816 481 1851 S.
502 1816 552 1851 M.
573 1817 623 1850 M.
644 1817 770 1851 XXXI
787 1817 854 1852 Iul.
878 1818 960 1851 1764
980 1816 1019 1851 P.
1041 1828 1099 1850 an.
1121 1816 1196 1852 VII.

303 1926 407 1960 Ball.
428 1927 532 1961 Rom.

382 2037 450 2079 41.
487 2041 620 2079 Lecta
639 2038 867 2091 pastorali
888 2037 1098 2091 epistola.
1137 2059 1162 2064 -
1199 2034 1330 2075 Clem.
1375 2033 1477 2076 XIII
1512 2033 1663 2076 Iacobo
1698 2035 1893 2089 episcopo

307 2105 573 2159 Andegaven.
599 2119 833 2148 moerorem
871 2110 914 2146 et
948 2105 1272 2147 admirationem
1309 2105 1520 2159 significat
1549 2106 1658 2160 quod
1688 2107 1895 2148 famosum

306 2179 494 2220 Librum
515 2181 844 2229 assertionum,
868 2176 978 2217 unde
1016 2189 1091 2229 pro
1113 2176 1422 2230 exstinguenda
1450 2177 1493 2217 in
1524 2177 1604 2219 isto
1633 2190 1760 2231 regno
1793 2176 1832 2219 S.
1856 2175 1892 2218 Ι.

304 2247 488 2288 rationes
524 2248 684 2300 petitae
720 2251 833 2299 sunt,
857 2247 1063 2301 pastorali
1098 2248 1280 2300 epistola
1315 2247 1567 2301 laudaverit,
1590 2253 1646 2300 et,
1669 2252 1895 2302 antequam

305 2319 579 2373 apostolicam
616 2333 762 2361 vocem
797 2319 934 2370 tollat,
974 2320 1168 2361 hortatur
1203 2325 1252 2362 ut
1286 2321 1435 2374 pedem
1471 2321 1569 2362 inde
1608 2321 1778 2372 referat,
1814 2334 1896 2374 quo

304 2391 495 2445 progredi
516 2405 599 2433 non
620 2391 852 2445 oportebat.

305 2457 346 2492 R.
367 2469 425 2500 ap.
446 2457 481 2492 S.
506 2457 555 2492 M.
576 2458 626 2492 M.
647 2458 735 2493 XIX
752 2458 849 2501 Sept.
874 2459 957 2493 1764
976 2458 1016 2492 P.
1037 2469 1096 2492 an.
1116 2458 1194 2493 VII.

309 2566 408 2600 Bull.
429 2568 535 2603 Rom.
555 2586 597 2591 -
614 2567 727 2601 Sensa
746 2568 824 2602 ΒΕ.
846 2567 941 2607 ΡΡ.,
964 2579 996 2610 p.
1016 2570 1069 2602 91.

389 2677 464 2721 42.
498 2682 550 2718 In
582 2678 817 2732 plurimis.
859 2700 884 2705 —
921 2673 1053 2716 Clem.
1095 2674 1198 2717 XIII
1234 2676 1444 2718 Ludovico
1481 2678 1675 2732 episcopo
1709 2677 1894 2720 Alesien.

312 2746 565 2799 pastoralem
583 2747 902 2788 instructionem
925 2746 1124 2788 adversus
1141 2745 1182 2789 S.
1202 2747 1237 2790 I.
1259 2752 1358 2790 ante
1373 2749 1558 2802 quinque
1579 2761 1743 2790 menses
1758 2748 1899 2789 datam

311 2831 337 2858 a
376 2817 529 2871 populo
561 2817 767 2859 Alesiensi
797 2817 1081 2870 improbatam
1127 2819 1369 2872 exprobrat,
1409 2824 1452 2862 et
1486 2823 1579 2862 orat
1613 2823 1661 2860 ut
1689 2818 1902 2872 abstergat

312 2888 522 2941 lacrymas
542 2888 774 2930 Ecclesiae.

311 2954 353 2988 R.
373 2965 430 2998 ap.
451 2955 487 2990 S.
508 2955 557 2989 M.
577 2955 626 2990 M.
647 2955 737 2990 XIX
755 2955 854 2998 Sept.
875 2957 959 2991 1764
980 2955 1020 2990 P.
1039 2967 1098 2992 an.
1120 2956 1196 2992 VII.

312 3063 425 3097 Sensa
444 3064 522 3100 RR.
543 3063 638 3103 ΡΡ.,
659 3075 692 3106 p.
712 3066 766 3098 95.
