1989 3252
129 172 305 215 Urban.
329 170 460 214 VIII.
804 194 855 199 -
886 170 965 211 327
995 194 1047 199 —
1576 173 1705 217 1629.

211 259 282 302 89.
317 259 446 300 Alias
472 260 530 312 fe.
562 272 625 301 re.
659 263 791 314 Grey.
824 265 912 300 ΡΡ.
944 265 1039 301 XV.
1072 283 1097 288 —
1127 258 1286 300 Urban.
1320 258 1438 312 VIII,
1470 258 1708 312 petentibus

128 331 289 369 rectore
312 331 354 368 et
374 327 658 380 collegialibus
681 327 773 369 coll.
798 327 838 369 S.
863 328 897 369 I.
918 327 1172 381 Messanen,
1191 344 1319 383 quum
1340 329 1458 371 sedes
1480 329 1706 383 archiepis-

129 398 286 452 copalis
309 397 463 439 Montis
483 399 635 451 regalis
657 404 699 439 et
719 399 968 451 episcopalis
990 399 1239 441 Siraeusana
1254 401 1307 442 ad
1327 414 1523 454 praesens
1544 405 1705 452 vacent,

128 472 264 509 mutat
279 468 439 509 iudices
451 474 492 509 et
504 468 674 509 mandat
691 469 1004 521 archiepiscopo
1020 468 1251 523 Rheginen.
1263 475 1306 511 et
1322 471 1514 524 episcopo
1533 470 1702 513 Pacten.

127 539 215 580 sive
234 552 377 580 eorum
399 539 566 580 vicariis
585 539 849 592 generalibus
871 544 917 580 ut
937 540 1100 581 litteras
1117 541 1167 581 de
1183 542 1383 594 pensione
1403 541 1443 583 d.
1463 541 1559 582 coll.
1583 554 1706 594 super

126 611 282 652 mensis
302 611 591 652 Panormitan.
616 619 657 651 et
678 610 924 652 Cathanien.
950 612 1189 653 executioni
1211 612 1422 653 mandent.

122 677 162 712 In
179 687 260 710 arce
279 676 501 719 Gandulphi‚
524 676 638 710 dioec.
662 677 792 710 Alban.
814 677 883 712 XII
902 676 973 710 kal.
995 679 1082 711 Nov.
1106 680 1189 712 1628
1207 679 1248 712 Ρ.
1267 690 1324 712 an.
1349 679 1407 712 VI.

1293 787 1375 828 Rey.
1394 787 1484 820 bule.
1515 788 1550 819 V.
1571 789 1645 822 250.
1668 788 1700 820 b.

202 896 278 939 90.
311 898 441 938 Alias
472 897 601 937 nobis
628 909 716 950 pro
748 900 895 950 parte.
932 920 957 924 —
978 894 1140 936 Urbani
1178 894 1282 936 VIII
1322 896 1511 936 extensio
1551 895 1703 936 indulti

126 965 175 1006 15
192 963 304 1018 Sept.
333 966 436 1006 1627
459 966 519 1018 (n.
543 966 612 1017 79)
633 965 684 1006 ad
707 979 852 1006 omnes
872 966 1107 1006 sacerdotes
1129 966 1365 1007 saeculares
1386 972 1429 1007 et
1448 967 1581 1019 regul.
1605 980 1702 1008 con-

123 1033 299 1077 fluentes
318 1035 371 1077 ad
392 1035 590 1077 ecclesias
612 1036 677 1076 vel
699 1036 842 1077 domos
863 1036 903 1078 S.
929 1036 962 1078 Ι.

122 1100 280 1136 XXVlII
299 1101 387 1134 Nov.
411 1103 503 1135 1628.

1443 1195 1592 1228 Elem-h.
1614 1197 1701 1230 buli.

203 1306 271 1349 91.
305 1303 356 1343 Α.
380 1302 425 1343 P.
456 1302 504 1343 R.
538 1301 596 1344 M.
633 1311 854 1349 Quoniam
884 1307 1067 1347 (livinae
1098 1306 1301 1348 bonitati.
1335 1329 1360 1334 —
1390 1303 1547 1344 Urban.
1583 1303 1700 1355 VIII,

121 1374 308 1416 recolens
329 1378 484 1415 statum
507 1373 774 1426 Germaniae,
798 1375 1018 1427 collegium
1037 1388 1060 1415 a
1080 1374 1202 1427 Greg.
1227 1374 1330 1415 XIII
1352 1376 1393 1415 in
1420 1374 1572 1428 oppido
1602 1374 1699 1414 Ful-

120 1444 235 1485 densi
258 1444 361 1486 null.
387 1444 517 1485 dioec.
542 1445 781 1497 provinciae
802 1444 1136 1498 Moguntinensis
1157 1459 1231 1498 pro
1252 1448 1304 1486 40
1326 1447 1467 1498 pueris
1497 1450 1697 1497 erectum,

120 1530 247 1570 quum
268 1516 434 1557 litterae
455 1517 676 1557 erectionis
697 1530 832 1570 neque
854 1518 894 1556 in
917 1517 1103 1558 Romana
1125 1518 1239 1557 curia
1260 1531 1393 1570 neque
1409 1517 1441 1557 F
1445 1516 1566 1557 uldae
1582 1531 1700 1570 repe-

117 1587 295 1639 riantur,
315 1587 366 1628 de
383 1600 486 1627 novo
508 1588 631 1640 erigit
650 1601 724 1640 pro
746 1589 797 1628 30
819 1588 998 1628 alumnis
1024 1590 1072 1628 14
1100 1588 1504 1640 septemtrionalium
1535 1589 1699 1641 provin-

116 1659 291 1710 ciarum,
318 1660 420 1699 1530
443 1663 548 1699 scut.
572 1659 710 1699 aureis
732 1658 864 1710 dotat,
889 1659 1142 1712 presbyteris
1173 1658 1212 1700 S.
1247 1658 1280 1699 Ι.
1314 1660 1550 1710 committit,
1586 1660 1699 1700 varia

115 1728 270 1770 condit.

113 1795 156 1830 R.
175 1806 233 1838 ap.
254 1795 289 1829 S.
312 1795 351 1829 P.
371 1796 420 1830 IV
440 1795 512 1830 kal.
532 1796 608 1831 Ian.
631 1799 714 1831 1628
735 1797 775 1830 Ρ.
796 1808 854 1829 an.
874 1796 933 1830 Vl.

114 1888 206 1922 Bull
224 1888 330 1923 Rom.
354 1908 383 1911 —
413 1889 511 1922 Ball.
533 1892 577 1922 de
593 1901 698 1931 prop.
724 1890 746 1923 l.
770 1892 830 1923 105
1041 1890 1165 1924 Fuml.
1185 1893 1305 1923 assz‘sz.
1329 1891 1453 1924 Germ.
1475 1896 1497 1923 t.
1519 1891 1545 1924 Ι.
1566 1900 1599 1932 p.
1618 1892 1694 1924 314.

192 2003 264 2045 92.
299 2004 429 2044 Alias
450 2017 476 2044 α
497 2005 626 2045 nobis
647 2008 938 2046 emanarzml.
959 2027 984 2032 —
1006 2002 1164 2043 Urban.
1191 2002 1293 2043 VIII
1314 2004 1455 2043 citatis
1485 2004 1570 2043 suis
1591 2003 1691 2044 litt..

111 2072 163 2112 27
183 2071 289 2124 Aug.
322 2071 443 2113 Pont.
475 2086 542 2113 an.
578 2072 636 2112 IV
667 2072 776 2113 datis
806 2072 906 2123 (Cfr.
933 2088 972 2114 n.
1008 2076 1078 2126 49)
1109 2072 1353 2114 Sebastiano
1384 2073 1694 2126 archiepiscopo

111 2141 243 2183 Goan.
267 2141 335 2183 dd.
360 2142 597 2183 litterarum
620 2144 911 2184 executionem
947 2144 1190 2197 impedienti
1225 2144 1301 2185 sub
1332 2149 1553 2197 praetextu
1584 2144 1693 2198 quod

110 2218 206 2253 ante
229 2212 347 2254 datas
369 2213 532 2254 litteras
553 2213 798 2266 capitulum,
824 2215 960 2256 clerus
981 2228 1030 2255 ac
1061 2215 1238 2268 populus
1270 2214 1546 2256 Machaonen.
1580 2216 1691 2256 vica-

109 2284 217 2323 rium
248 2283 628 2326 administratorem
659 2284 962 2338 deputaverant
992 2292 1035 2326 et
1063 2287 1317 2338 gravissimis
1353 2286 1496 2338 poenis
1531 2286 1692 2327 litteras

109 2355 132 2394 3
153 2353 244 2395 Ian.
268 2356 501 2407 praesentis
523 2356 623 2396 anni
644 2356 694 2396 de
715 2356 861 2397 eadem
883 2370 927 2397 re
943 2356 1149 2409 publicari
1166 2371 1261 2397 cum
1282 2357 1478 2398 scandalo
1501 2361 1542 2397 et
1563 2357 1689 2398 detri-

107 2433 248 2466 mento
270 2425 524 2478 prohibenti,
549 2432 751 2479 quantuni
769 2427 848 2468 sibi
865 2427 917 2467 ab
934 2427 1018 2468 alto
1039 2428 1296 2480 conceditur,
1314 2428 1494 2480 iniungit
1511 2432 1556 2468 ut
1572 2428 1685 2469 litte-

105 2509 172 2536 ras
194 2497 434 2537 executioni
455 2496 694 2538 demandet.

106 2561 146 2595 R.
166 2573 224 2604 ap.
245 2561 281 2596 S.
300 2562 341 2596 Ρ.
363 2562 483 2596 XXVI
502 2563 578 2597 Ian.
601 2566 684 2598 1628
703 2563 741 2596 P.
761 2575 821 2597 an.
846 2563 902 2599 VI.

1322 2661 1396 2704 Req
1427 2661 1515 2695 hutz.
1543 2661 1580 2694 V.
1600 2663 1675 2696 256.

182 2766 251 2809 93.
280 2767 351 2807 Ad
378 2768 638 2821 auyendam
660 2769 880 2819 lidelc'zmz.
901 2791 926 2796 —
942 2766 1101 2808 Urban.
1122 2767 1224 2809 VIII
1240 2767 1545 2821 indulgentiam
1566 2782 1675 2809 com-

101 2834 308 2874 munionis
328 2835 535 2886 generalis
556 2840 793 2877 menstruae
824 2836 1023 2877 concedit.
1051 2836 1115 2878 Ad
1135 2839 1402 2890 septennium
1431 2839 1526 2891 (cfr.
1548 2853 1675 2893 supra

100 2903 222 2957 Greg.
245 2903 323 2945 XV
343 2919 384 2947 n.
408 2906 494 2958 34).

99 2968 140 3002 R.
159 2980 216 3012 ap.
237 2970 271 3004 S.
295 2970 333 3004 P.
353 2971 481 3006 XXXI
498 2971 606 3005 Mart.
629 2974 713 3006 1629
731 2972 771 3006 Ρ.
791 2983 848 3007 an.
871 2974 927 3006 Vl.

1319 3056 1408 3099 Rey.
1428 3056 1514 3089 bull.
1542 3057 1578 3091 V.
1596 3059 1671 3092 258.
