1989 3189
126 226 268 271 Pauli
286 226 339 269 V.
793 247 846 254 —
875 223 955 264 23²7
983 248 1038 253 —-
1565 223 1698 267 1606.

207 313 275 357 31,
305 310 412 352 Α.Ρ.
426 309 475 352 R.
489 310 544 352 M.
560 317 785 358 Quantum
808 314 981 367 Reliqz’o
1002 313 1239 355 Societatz's
1258 317 1359 355 lesu
1386 334 1412 340 -
1428 308 1590 351 Paul.V
1605 322 1701 350 con-

124 381 263 422 firmat
283 381 527 422 Institutum
547 381 587 423 S.
611 381 665 434 1.,
688 382 1010 434 perpetuitatem
1041 380 1272 433 Generalis,
1296 380 1464 422 decreta
1492 381 1574 421 tria
1595 379 1701 421 Con-

124 465 235 505 greg.
260 452 447 506 quintae,
470 457 512 493 et
526 452 742 505 privilegia
762 451 942 494 OrdiniS.

123 518 166 552 R.
185 529 242 561 ap.
264 518 300 552 S.
321 518 370 552 M.
390 528 443 561 pr.
463 528 547 552 non.
572 518 671 561 Sept.
694 520 777 553 1606
795 518 836 552 Ρ.
854 529 912 552 an.
931 518 975 553 Π.

122 627 217 661 Νου.
239 627 327 660 bzcll.
345 628 380 661 S.
400 628 430 661 I.
452 629 526 663 128.
1339 627 1426 671 Req.
1448 627 1536 661 hall.
1560 627 1623 661 IV.
1646 630 1697 662 36.

204 737 277 781 32.
308 743 379 779 Ex
398 740 649 792 pastoralis
669 741 820 791 offiez'c'.
844 761 869 766 -
890 736 1009 777 Paul.
1036 736 1068 776 V
1093 736 1258 778 officiali
1279 736 1507 777 Rhemensi
1529 735 1700 777 mandat

124 810 171 846 ut,
190 807 399 858 prioratus
419 806 446 847 S
480 806 696 847 Laurentii
713 807 762 847 de
779 805 924 848 Calido
941 807 1055 848 fonte
1073 807 1120 848 O.
1141 807 1180 848 S.
1201 808 1250 848 B.
1270 806 1544 848 Catalaunen.
1565 807 1696 848 dioec.

120 890 210 917 vac.
234 890 307 930 per
328 876 491 918 Nicolai
514 877 675 918 Henart
695 877 847 918 Clerici
872 877 1022 919 Tullen
1049 877 1088 919 S.
1114 878 1274 919 Probae
1295 878 1345 919 de
1367 878 1407 919 S.
1432 877 1569 919 Proba
1589 877 1698 918 Lau-

122 947 275 989 dunen.
299 961 390 988 vac.
415 962 489 1001 per
509 948 719 989 Francisci
741 948 934 1000 Brulard‚
958 954 1000 990 et
1020 948 1059 990 S.
1086 948 1337 1002 Walburgae
1367 949 1571 990 Rhemen.
1604 962 1695 990 vac.

121 1032 197 1072 per
215 1017 395 1059 Ioannes
417 1019 648 1072 Lespagnol
670 1020 876 1060 cessiones
898 1020 993 1060 coll.
1019 1019 1247 1061 Rhemensi
1266 1019 1308 1061 S.
1325 1020 1366 1073 J.
1391 1024 1599 1061 annectat.

123 1084 167 1119 R.
186 1096 231 1127 ap
264 1084 298 1118 S.
322 1084 360 1118 P.
382 1085 454 1120 kal.
479 1085 560 1118 Dec.
583 1088 665 1120 1606
685 1085 725 1118 P.
745 1096 803 1119 an.
824 1085 871 1120 II.

1206 1196 1329 1229 Fund.
1348 1206 1453 1237 prov.
1475 1197 1602 1237 camp.
1623 1202 1645 1229 t.
1667 1199 1698 1230 2.

201 1311 273 1355 33.
306 1317 377 1353 Ea?
391 1313 645 1365 pastorales
665 1313 814 1364 officii.
839 1334 863 1339 —
884 1309 1004 1351 Paul.
1030 1310 1065 1350 V
1089 1314 1259 1363 petent-e
1289 1309 1350 1351 Cl.
1381 1310 1598 1364 Aquaviva
1627 1310 1695 1352 Pr.

121 1378 224 1421 Gen.
250 1380 290 1421 S.
316 1379 350 1421 Ι.
372 1379 538 1421 officiali
560 1380 859 1433 Rothomagen.
879 1381 1066 1432 mandat,
1085 1386 1132 1423 ut
1151 1394 1245 1422 cum
1267 1380 1388 1422 domo
1409 1381 1572 1434 probat.
1591 1382 1635 1423 in
1656 1381 1695 1422 d.

122 1451 289 1492 civitate
310 1458 449 1492 erecta
467 1453 588 1493 uniat
608 1453 840 1504 prioratum
873 1452 915 1493 S.
950 1452 1112 1505 Aegidii
1142 1454 1262 1493 iuxta
1291 1451 1437 1493 Bolam
1469 1466 1541 1493 seu
1572 1467 1700 1506 prope

119 1521 342 1563 Elebotum
358 1521 463 1562 alias
481 1521 531 1562 de
546 1522 702 1563 Elbeuf
715 1522 763 1564 O.
785 1523 826 1564 S.
847 1522 948 1564 Beu.
968 1522 1272 1576 Rothomagen.
1293 1523 1423 1564 dioec.
1445 1537 1470 1564 a
1490 1523 1698 1564 Michaele

122 1592 173 1634 de
195 1592 351 1645 Mauby
372 1592 508 1646 presb.
533 1593 663 1634 libere
685 1607 862 1634 cessum.
888 1608 912 1634 a
934 1607 1045 1635 mon.
1072 1597 1112 1635 S.
1138 1593 1330 1635 Audoeni
1360 1593 1492 1647 ejusd.
1527 1594 1626 1635 Ord.
1660 1599 1702 1635 et

124 1663 253 1705 dioec.
279 1663 581 1716 dependentem
605 1663 689 1709 (Fr.
715 1666 767 1705 24
788 1664 917 1715 duc).

121 1729 166 1764 R.
186 1741 244 1772 ap.
265 1729 300 1763 S.
322 1729 362 1763 Ρ.
385 1729 456 1763 kal.
478 1730 563 1763 Feb.
586 1733 669 1765 1606
686 1730 725 1763 P.
746 1742 805 1764 an.
824 1730 868 1765 ΙΙ.

1347 1842 1432 1883 Req.
1454 1841 1540 1875 buil.
1562 1841 1625 1875 [v.
1645 1844 1698 1876 63.

201 1961 274 2004 34.
308 1963 564 2003 Pastorcilz's
593 1965 741 2015 officii.
761 1986 786 1991 -
803 1961 920 2002 Paul.
942 1961 976 2001 V
995 1967 1162 2015 petente
1179 1961 1241 2002 Cl.
1260 1962 1477 2015 Aquaviva
1498 1961 1566 2002 Pr.
1592 1961 1695 2002 Gen.

123 2028 165 2070 S.
196 2027 230 2070 I.
263 2029 429 2070 officiali
465 2030 612 2072 Dolen.
646 2032 817 2072 mandat
849 2038 892 2072 ut
924 2046 1016 2073 cum
1048 2033 1220 2085 collegio
1251 2047 1303 2073 ex
1335 2033 1499 2074 decreto
1525 2033 1698 2073 Henrici

119 2098 152 2139 F
154 2112 269 2140 rane.
294 2101 401 2153 regis
423 2101 564 2142 christ.
599 2102 642 2142 in
672 2103 785 2142 civit.
820 2103 1054 2144 Redonensi
1085 2118 1158 2156 pro
1181 2104 1400 2144 haeresum
1423 2104 1700 2156 extirpatione

121 2169 199 2210 sub
238 2171 501 2212 invocatione
545 2173 586 2213 S.
621 2172 805 2214 Thomae
841 2180 978 2215 erecto
1015 2175 1131 2215 uniat
1166 2176 1394 2228 prioratum
1434 2176 1475 2216 S.
1510 2174 1615 2215 Mar.
1650 2174 1699 2215 de

119 2239 298 2293 Bregain
320 2241 367 2282 O.
394 2242 420 2283 S
461 2242 564 2284 Ben.
589 2243 737 2284 Dolen.
759 2244 893 2286 dioec.
917 2259 941 2286 a
963 2244 1142 2297 Georgio
1164 2245 1292 2286 Lobel
1314 2259 1459 2286 canon.
1482 2245 1695 2286 Redonen.

120 2324 298 2363 cessum,
317 2325 341 2352 a
370 2326 480 2353 mon.
503 2315 545 2354 S.
570 2313 770 2355 Florentii
801 2329 927 2368 prope
959 2316 1192 2357 Salmoram
1223 2316 1263 2356 d.
1297 2315 1394 2357 Ord.
1428 2315 1694 2369 Andegaven.

120 2381 253 2423 dioec,
279 2382 600 2435 dependentem.
625 2384 693 2424 Fr.
725 2387 803 2425 200
835 2384 928 2426 duc.
954 2385 1103 2426 Pensio
1132 2400 1230 2428 ann.
1256 2389 1334 2428 350
1365 2387 1459 2428 libr.
1485 2386 1694 2427 Turonen.

121 2454 217 2505 (150
239 2452 354 2507 duc.)
377 2453 641 2495 Ferdinando
668 2455 855 2496 Vicciara
876 2455 973 2497 cler.
998 2462 1222 2498 reservata.

119 2517 163 2552 R.
183 2529 240 2561 ap.
263 2519 298 2553 S.
318 2519 358 2553 P.
380 2531 461 2553 non.
482 2521 569 2554 Feb.
591 2523 674 2556 1606
693 2521 721 2554 P
753 2532 811 2555 an.
831 2521 874 2556 ΙΙ.

1350 2634 1433 2676 Βερ.
1454 2634 1541 2667 bun.
1561 2634 1622 2668 IV.
1643 2637 1697 2669 61.

203 2750 274 2793 35.
309 2755 413 2792 Cum
444 2753 563 2793 alias
591 2765 684 2794 nos.
709 2776 734 2781 -
758 2751 875 2792 Paul.
896 2751 948 2801 V,
967 2756 1135 2805 petente
1165 2752 1224 2811 Cl.
1245 2753 1462 2807 Aquaviva
1492 2753 1558 2795 Pr.
1589 2752 1692 2795 Gen.

121 2818 163 2858 S.
196 2817 230 2858 I.
265 2832 502 2860 concessam
533 2821 626 2873 (cfr.
660 2836 700 2863 n.
728 2824 798 2874 21)
822 2836 894 2876 pro
915 2824 984 2876 pio
1006 2824 1197 2865 instituto
1218 2824 1367 2877 agendi
1389 2826 1621 2865 orationem
1642 2827 1694 2865 40

119 2888 314 2929 horarum
336 2891 378 2930 in
400 2889 466 2931 die
488 2890 640 2933 domin.
663 2893 1032 2947 quinquagesimae
1048 2894 1350 2948 indulgentiam
1371 2895 1600 2949 plenariam
1622 2909 1694 2936 ex-
