1989 3252
259 187 437 230 Urban.
459 185 590 230 VIII.
932 208 984 214 -—
1015 185 1096 226 324
1129 211 1177 215 —
1721 190 1848 236 1627.

256 286 384 325 prope
406 272 446 314 d.
469 273 548 313 ciV.
573 273 822 324 capacitatis
844 273 886 312 in
908 273 1067 326 quadro
1094 275 1119 315 2
1140 287 1196 315 m.
1222 273 1434 326 ulnarum,
1457 274 1511 316 ab
1533 273 1781 318 Elisabetha
1797 276 1849 319 de

256 342 377 384 Soria
397 342 611 395 donatam,
635 343 687 384 ab
710 343 933 396 impudicis
955 343 1206 386 mulieribus
1227 345 1489 399 frequentari
1513 351 1770 389 consuetam.

257 408 299 443 R.
319 419 375 451 ap.
397 409 432 442 S.
452 409 499 443 M.
522 409 571 442 M.
592 409 678 444 XIV
699 408 772 442 kal.
793 411 887 452 Aug.
907 412 991 444 1627
1011 410 1051 443 Ρ.
1072 421 1131 443 an.
1150 410 1213 445 IV.

1439 538 1528 582 Ray.
1547 538 1635 572 bun.
1665 539 1704 575 V.
1723 542 1786 574 226
1809 539 1844 574 b.

337 674 408 717 76.
441 679 494 716 In
513 678 886 729 supereminenti.
908 696 934 702 -
950 671 1110 714 Urban.
1133 672 1251 726 VIII,
1270 673 1511 727 petentibus
1527 678 1689 717 rectore
1705 682 1746 717 et
1761 676 1846 718 col-

252 743 466 797 ligialibus
485 743 579 786 coll.
604 742 645 786 S.
670 742 704 784 I.
730 748 773 784 et
793 743 950 785 Ioanne
971 743 1080 797 Ripa
1100 749 1202 787 rect.
1227 745 1398 799 paroch.
1433 746 1539 788 eccl.
1573 745 1615 789 S.
1649 746 1844 801 Prosperi

254 815 470 868 Parmen.‚
491 815 663 856 mandat
679 816 834 857 vicario
851 816 1039 869 episcopi
1055 815 1249 859 Parmen.
1269 821 1317 858 ut
1336 831 1433 858 cum
1454 817 1494 859 d.
1514 817 1609 860 coll.
1632 831 1658 859 a
1680 818 1845 860 Ranuc-

255 888 320 928 cio
341 887 541 929 Farnesio
562 887 739 928 Parmae
760 887 867 929 duce
888 887 1079 940 fundato,
1098 888 1139 930 d.
1164 888 1385 930 ecclesiam
1407 889 1595 943 paroch„
1613 890 1844 931 secundum

252 958 372 999 ducis
393 958 667 1009 voluntatem,
690 960 974 1012 resignatione
995 959 1036 1001 d.
1059 959 1228 1001 Ioannis
1249 968 1469 1002 vacantem
1490 962 1625 1013 uniat,
1652 963 1701 1002 12
1722 961 1843 1003 fami-

252 1028 407 1069 liarum
428 1029 781 1082 parochianorum
802 1028 842 1071 d.
867 1029 970 1071 eccl.
995 1043 1140 1072 curam
1160 1030 1214 1072 ad
1234 1030 1339 1072 eccl.
1362 1030 1403 1072 S.
1429 1031 1679 1073 Anastasiae
1708 1035 1844 1073 trans-

251 1099 376 1141 ferat.
399 1099 632 1141 Proventus
653 1100 784 1141 annui
803 1102 857 1141 40
879 1099 976 1142 duc.

252 1165 297 1203 R.
315 1177 373 1209 ap.
394 1165 429 1201 S.
452 1166 501 1203 M.
521 1167 570 1201 Μ.
596 1166 659 1201 VII
677 1166 750 1201 kal.
772 1165 871 1209 Sept.
895 1169 976 1201 1627
997 1167 1036 1203 P.
1056 1178 1103 1202 an
1120 1168 1164 1204 V.

1480 1288 1570 1332 Req.
1589 1289 1677 1324 hall.
1708 1290 1745 1325 V.
1764 1291 1841 1325 235.

333 1427 399 1471 77.
439 1430 566 1469 Vitae
585 1440 639 1470 ac
658 1440 841 1470 morum
861 1427 1089 1470 honestas.
1110 1451 1136 1457 -
1156 1425 1316 1468 Urban.
1341 1425 1445 1468 VIII
1474 1426 1556 1467 vic.
1579 1439 1674 1479 gen.
1707 1426 1835 1480 episc.

248 1496 445 1539 Parmen.
468 1496 642 1538 mandat
662 1500 710 1538 ut
724 1495 978 1539 beneficium
1010 1498 1112 1540 eccl.
1145 1499 1326 1553 simplex
1355 1497 1396 1541 S.
1430 1497 1624 1551 Prosperi
1653 1499 1838 1551 assignet

248 1568 397 1610 Ioanni
419 1568 569 1622 Ripae,
590 1567 691 1610 olim
725 1570 878 1610 rectori
907 1570 1008 1612 eccl.
1034 1570 1206 1624 paroch.
1229 1569 1271 1612 S.
1303 1569 1496 1624 Prosperi
1527 1569 1702 1623 collegio
1732 1568 1774 1611 S.
1798 1567 1833 1611 I.

276 1654 320 1681 nl
398 1673 407 1681 .

244 1655 289 1742 R.
308 1646 423 1750 ειῗθδ.
443 1707 492 1742 M.
512 1707 562 1741 M.
583 1706 649 1743 VII
664 1706 739 1741 kal.
760 1707 859 1751 Sept.
882 1710 966 1743 1627
984 1707 1024 1742 Ρ.
1043 1717 1102 1742 an.
1123 1707 1166 1743 V.

1421 1816 1509 1859 περ.
1529 1815 1618 1851 buzz.
1644 1817 1683 1851 V.
1703 1818 1777 1852 238.
1799 1817 1833 1851 b.

326 1957 398 2000 78.
429 1958 560 1999 Alias
579 1957 1006 2011 supplicationibus.
1027 1979 1053 1985 -
1086 1953 1243 1996 Urban.
1278 1953 1398 2008 VIII,
1428 1954 1670 2008 petentibus
1700 1954 1834 1998 Mutio

245 2025 492 2069 Vitelleschi
512 2025 662 2079 Praep.
688 2025 792 2068 Gen.
824 2030 868 2067 et
896 2025 1022 2068 Petro
1052 2026 1370 2068 Verthamontio
1400 2031 1504 2068 rect.
1535 2025 1683 2069 domus
1711 2027 1830 2081 prob.

243 2097 441 2141 Tolosan.
465 2097 508 2140 S.
526 2097 581 2151 I.,
599 2097 772 2139 mandat
791 2099 989 2151 episcopo
1010 2096 1252 2150 Caturcen.‚
1271 2112 1319 2140 eo
1341 2097 1453 2152 quod
1472 2097 1664 2140 officialis
1684 2097 1833 2141 Catur-

242 2182 335 2211 cen.
375 2169 427 2210 de
461 2169 674 2222 praesenti
709 2167 987 2210 cancellarius
1021 2173 1064 2211 et
1096 2173 1224 2222 caput
1263 2169 1553 2211 universitatis
1588 2169 1698 2212 stud.
1735 2184 1829 2224 gen.

240 2239 465 2283 Caturcen.
487 2241 645 2283 existat
665 2245 708 2281 et
728 2240 825 2282 inde
845 2246 1063 2294 suspectus
1083 2241 1139 2282 sit
1167 2240 1220 2282 ob
1248 2241 1368 2283 litem
1398 2242 1508 2283 inter
1537 2240 1579 2283 d.
1610 2242 1827 2285 universit.

239 2316 283 2354 et
302 2325 433 2353 unum
454 2325 478 2354 e
500 2312 689 2365 collegiis
709 2311 751 2353 S.
776 2312 795 2352 I
834 2317 882 2353 ut
901 2311 956 2354 ad
976 2318 1143 2354 execut.
1167 2313 1403 2354 litterarum
1433 2313 1601 2355 unionis
1620 2314 1830 2366 prioratus

239 2384 312 2437 (cf.
337 2397 379 2426 n.
403 2385 474 2436 58)
496 2397 591 2425 cum
613 2383 654 2425 d.
678 2384 775 2426 coll.
800 2383 1013 2437 procedat.

237 2449 280 2485 R.
300 2461 357 2493 ap.
379 2450 414 2484 S.
435 2451 484 2484 Μ.
504 2450 553 2485 Μ.
573 2450 621 2484 111
640 2450 689 2484 id.
711 2450 808 2494 Sept.
831 2453 915 2486 1627
935 2451 975 2486 Ρ.
995 2462 1054 2485 an.
1078 2451 1119 2487 V.

1415 2572 1500 2616 Rey.
1521 2573 1610 2607 bule.
1640 2573 1676 2607 V.
1695 2575 1773 2608 332.
1791 2574 1823 2608 b.

315 2704 384 2748 79.
418 2702 468 2744 A.
493 2702 541 2744 P.
565 2701 617 2744 R.
640 2701 698 2745 M.
724 2706 980 2748 Salvatorz's
1000 2708 1041 2748 et
1062 2708 1258 2748 Domini.
1279 2727 1305 2734 -
1326 2701 1488 2746 Urban.
1511 2702 1616 2745 VIII
1634 2703 1825 2758 indulget

233 2774 404 2816 mit-:sam
426 2779 469 2816 et
488 2773 670 2815 officium
692 2774 744 2816 de
760 2774 896 2816 tribus
911 2773 1167 2828 martyribus
1182 2773 1503 2828 Iaponensibus‚
1522 2774 1652 2818 Paulo
1667 2775 1816 2829 Michi,

229 2843 387 2886 Ioanne
411 2844 463 2886 de
483 2843 588 2886 Goto
610 2850 653 2886 et
671 2843 827 2887 Didaco
849 2844 995 2894 Quisai
1015 2859 1038 2886 e
1060 2845 1101 2887 S.
1125 2845 1160 2887 Ι.

229 2910 274 2946 R.
293 2921 352 2954 ap.
373 2909 409 2946 S.
428 2910 479 2946 M.
499 2911 548 2947 M.
568 2911 639 2945 XV
658 2910 759 2954 Sept.
781 2913 866 2947 1627
883 2911 926 2947 Ρ.
945 2922 1004 2946 an.
1024 2911 1067 2946 V.

228 3030 323 3065 Nov.
345 3030 432 3064 bun.
452 3031 486 3064 S.
508 3031 537 3065 I.
552 3043 588 3075 p.
612 3034 685 3067 166.
705 3050 747 3056 -—
766 3031 865 3065 Ball.
886 3032 995 3066 Rom.
1409 3033 1492 3076 Rey.
1513 3032 1600 3067 buu.
1628 3032 1665 3067 V.
1685 3035 1760 3068 228.
1781 3033 1816 3069 b.
