1989 3252
110 178 250 224 Pauli
269 178 323 222 V.
777 199 829 205 —
860 173 938 215 279
968 199 1023 204 —-
1562 174 1685 220 1617.

110 262 423 307 communitatis
441 262 645 305 ecclesiae
666 262 709 303 S.
733 262 902 303 Ioannis
923 261 962 302 d.
983 261 1127 315 oppidi
1148 265 1190 302 et
1213 260 1479 303 Guardianus
1494 260 1536 304 S.
1554 259 1684 302 Fran-

111 335 211 377 cisci
247 338 290 376 et
323 333 441 375 Prior
474 333 515 375 S.
553 333 775 386 Augustini
810 332 1002 374 dotandis
1035 332 1289 386 pauperibus
1321 332 1488 386 puellis,
1523 332 1683 373 alendis

109 406 336 460 peregrinis
357 409 431 446 aut
449 405 492 445 in
520 403 752 445 subsidium
782 403 945 457 collegii
975 405 1009 444 si
1038 403 1149 458 quod
1176 403 1437 455 fundaretur,
1469 403 1681 457 applicare

102 478 286 528 possent.
1116 527 1123 534 κ

104 542 148 575 R.
166 551 222 585 ap.
244 541 278 574 S.
299 539 348 574 M.
369 539 419 574 M.
439 539 526 575 XVI
542 539 615 573 kal.
637 539 711 573 Iun.
733 541 817 574 1617
834 539 875 574 P.
894 550 952 573 an.
973 539 1054 574 ΧΠ.

1304 647 1388 689 Rey.
1410 646 1497 681 bun.
1516 647 1582 681 IV.
1602 649 1678 685 311.

183 759 282 802 194.
317 762 501 812 Empom’
518 758 647 799 nobis
666 769 825 811 nuper.
849 779 875 786 -
891 754 1010 796 Paul.
1031 755 1082 806 V,
1100 753 1342 808 petentibus
1361 752 1556 796 Generali
1576 754 1676 798 Ord.

101 828 142 870 S.
168 826 415 880 Hieronymi
436 830 479 867 et
498 826 648 879 Praep.
671 825 773 868 Gen.
798 825 891 868 Soc.
915 825 1038 867 Nom.
1062 825 1159 867 Iesu
1181 826 1359 868 Abulen.
1383 830 1426 867 et
1453 825 1487 866 F
1489 826 1676 868 rancisco

100 899 152 941 de
171 899 313 941 Useda
332 898 373 939 d.
397 897 494 939 Ord.
518 897 703 951 professo
721 902 761 939 et
778 897 901 940 Petro
918 898 968 939 de
988 898 1171 940 Guzman
1192 903 1352 940 rectore
1373 898 1467 940 coll.
1488 898 1529 941 S.
1554 900 1675 953 Aegi-

101 970 158 1011 dii
179 969 218 1011 d.
243 969 336 1011 Soc.
359 968 558 1020 Abulen.‚
582 968 788 1023 Episcopo
809 969 986 1011 Abulen.
1020 970 1106 1010 sive
1136 970 1225 1011 eius
1255 969 1422 1010 officiali
1451 970 1676 1011 committit

97 1045 144 1082 ut
174 1040 394 1082 attendens
424 1039 476 1080 ad
506 1039 697 1080 ultimam
728 1039 1004 1091 voluntatem,
1028 1053 1110 1093 qua
1139 1039 1292 1081 Suerus
1323 1040 1390 1082 del
1410 1040 1560 1094 Aguila
1586 1040 1674 1082 filio

98 1112 249 1154 Sancio
260 1112 433 1164 eiusque
450 1111 796 1152 descendentibus
813 1112 1103 1152 maioricatum
1119 1112 1303 1152 instituit
1317 1126 1411 1153 cum
1429 1126 1553 1154 onere
1564 1113 1675 1166 quod

98 1183 397 1224 monasterium
433 1181 474 1224 S.
509 1181 543 1223 I.
577 1182 830 1223 fabricarent
855 1187 923 1234 ,et
951 1182 1004 1223 ad
1038 1182 1280 1223 distantiam
1303 1184 1544 1224 monasterii
1565 1183 1674 1237 quod

96 1254 220 1295 unius
241 1253 387 1294 leucae
408 1267 501 1294 cum
525 1252 699 1293 dimidia
720 1253 854 1305 spatio
875 1266 900 1293 a
920 1252 957 1294 d.
980 1253 1149 1294 civitate
1169 1254 1212 1293 in
1232 1252 1323 1294 loco
1354 1253 1404 1294 de
1425 1253 1467 1294 la
1495 1253 1673 1295 Serrada

95 1337 221 1365 nunc.
240 1323 437 1364 fabricari
452 1323 586 1365 voluit
608 1323 836 1364 Rodericus
857 1323 922 1364 del
945 1323 1112 1376 Aguila,
1131 1325 1482 1376 permutationem
1503 1324 1670 1365 aedium

95 1394 318 1448 quamdam
354 1395 464 1436 inter
497 1393 536 1436 d.
575 1393 771 1435 Ordinem
807 1399 848 1435 et
882 1394 919 1435 d.
957 1393 1225 1447 Societatem,
1262 1396 1420 1437 vocatis
1457 1394 1669 1447 vocandis,

91 1465 324 1507 confirmet.

89 1531 133 1567 R.
153 1542 210 1575 ap.
231 1530 268 1566 S.
286 1531 336 1566 M.
356 1531 406 1565 M.
427 1530 529 1566 XVII
544 1530 623 1565 Iun.
645 1532 729 1565 1617
746 1530 787 1565 P.
806 1542 865 1564 an.
885 1530 963 1566 XH.

1237 1639 1312 1682 Rea
1333 1639 1433 1673 hall.
1453 1639 1518 1674 IV.
1538 1642 1613 1675 280.
1634 1640 1668 1674 b.

174 1762 271 1806 195.
310 1763 533 1804 Admonet
549 1775 633 1804 nos
655 1775 780 1804 cura.
806 1784 831 1790 —
852 1759 971 1800 Paul.
996 1759 1048 1810 V,
1071 1762 1237 1811 petente
1257 1757 1475 1811 Wolfango
1497 1758 1670 1800 Wilhel-

91 1844 158 1871 mo
179 1830 283 1871 duce
304 1829 609 1883 Neoburgensi,
627 1829 793 1871 officiali
814 1830 1041 1882 Augustan.
1061 1829 1285 1870 committit
1301 1834 1348 1870 ut
1367 1830 1668 1870 monasterium

92 1900 300 1955 quoddam
322 1899 567 1941 Eesenbrun
588 1914 712 1942 nunc.
739 1900 785 1941 Ο.
806 1899 846 1941 S.
870 1900 973 1941 Ben.
996 1901 1107 1941 inter
1126 1899 1363 1952 Lanengam
1386 1904 1429 1940 et
1461 1899 1671 1941 Gualden-

91 1971 261 2024 fingam,
284 1972 418 2024 spatio
438 1973 490 2012 40
511 1984 715 2012 annorum
736 1983 761 2011 a
780 1969 992 2011 nobilibus
1013 1969 1261 2024 quibusdam
1283 1970 1496 2012 detentum
1519 1975 1560 2011 et
1579 1984 1604 2012 a
1626 1971 1667 2013 d.

89 2042 192 2084 duce
213 2046 310 2084 ante
333 2044 383 2084 10
404 2056 534 2084 annos
563 2046 794 2096 receptum,
825 2042 944 2082 cuius
974 2040 1161 2082 redditus
1191 2054 1353 2082 annuus
1378 2043 1480 2082 1000
1502 2040 1545 2082 fl.
1570 2043 1666 2094 (300

92 2113 186 2154 duc.
211 2114 303 2155 auri
324 2113 361 2155 d.
388 2115 588 2165 camera),
611 2117 807 2154 annectat
829 2116 869 2154 et
889 2113 1007 2154 uniat
1027 2112 1198 2165 collegio
1220 2112 1260 2154 S.
1284 2112 1318 2153 I.
1344 2111 1609 2165 Neoburgen.

94 2179 241 2214 Tusculi
259 2180 311 2216 XI
327 2179 401 2215 kal.
420 2181 487 2215 Iul.
508 2182 592 2215 1617
610 2180 649 2213 P.
669 2191 727 2214 an.
746 2179 844 2214 XIII.

1229 2287 1317 2331 Rey.
1339 2288 1427 2321 bum.
1448 2283 1608 2323 JVJ288.
1630 2289 1663 2322 b.

171 2407 269 2451 196.
304 2410 593 2462 Sz'ym'ficavz'c
613 2408 754 2450 nobis.
779 2431 804 2437 —
824 2406 944 2447 Paul.
968 2405 1003 2446 V
1027 2405 1222 2447 Suarezio
1245 2406 1286 2447 S.
1310 2405 1344 2446 1.
1366 2406 1601 2458 gratulatur
1615 2406 1667 2448 de

93 2476 274 2529 scriptis,
297 2476 350 2518 ad
370 2490 414 2517 se
443 2475 496 2516 ab
526 2475 698 2517 Octavio
729 2477 919 2530 episcopo
949 2476 1336 2529 Forosempronien.
1369 2477 1522 2529 missis,
1545 2491 1671 2530 super

84 2547 370 2588 controversia
390 2548 500 2588 inter
520 2546 560 2588 d.
581 2548 820 2601 episcopum
837 2548 879 2588 in
901 2548 1037 2601 regnis
1057 2548 1149 2588 istis
1165 2546 1433 2589 collectorem
1454 2550 1497 2588 et
1516 2548 1666 2600 magis-

84 2622 218 2659 tratus
239 2619 475 2659 saeculares
495 2623 654 2660 exorta.

93 2683 136 2717 R.
158 2695 216 2726 ap.
237 2684 272 2718 S.
291 2685 341 2719 M.
359 2685 409 2718 M.
430 2684 533 2719 XXV
552 2686 646 2728 Aug.
668 2687 751 2720 1617
769 2685 809 2718 Ρ.
829 2695 887 2718 an.
907 2685 1003 2720 XIII.

93 2792 211 2835 Opera
228 2791 334 2825 Suar.
356 2792 412 2826 ed.
431 2792 521 2826 Ven.
542 2794 625 2826 1740
642 2796 666 2826 t.
685 2792 701 2826 I
718 2792 790 2826 vita
801 2792 907 2826 Suar.

165 2911 262 2954 197.
299 2913 429 2953 Sedis
448 2914 722 2966 apostolieae
740 2913 1041 2966 providentia.
1077 2910 1198 2951 Paul.
1230 2909 1280 2961 V,
1313 2914 1482 2964 petente
1509 2911 1660 2964 Praep.

85 2978 187 3022 Gen.
212 2978 252 3021 S.
277 2979 310 3020 I.
336 2978 502 3021 officiali
530 2979 828 3034 Rothomagen.
853 2981 1075 3022 committit
1094 2984 1140 3022 ut
1168 2994 1261 3022 cum
1293 2981 1465 3034 collegio
1495 2981 1536 3022 S.
1559 2980 1594 3022 I.
1617 2981 1661 3022 in
