1989 3252
288 195 466 239 Urban.
487 194 618 239 VIII.
962 218 1017 223 —
1046 196 1126 235 306
1162 219 1212 224 —
1746 198 1877 243 1623.

288 281 587 322 miraculorum
605 280 765 328 ,famam
785 294 811 321 a
828 280 953 334 Greg.
971 280 1049 322 XV
1070 281 1139 323 SS.
1163 282 1352 335 catalogo
1373 282 1634 336 adscriptum
1670 288 1712 325 et
1745 284 1873 326 hono-

290 352 366 393 bus
388 352 587 393 coelitum
610 358 805 393 ornatum
827 352 957 394 fuisse
979 357 1173 395 testatur.

287 419 331 453 R.
350 429 407 462 ap.
429 418 464 452 S.
487 419 526 453 P.
548 419 630 454 VIII
647 419 695 452 id.
716 419 809 462 Aug.
832 422 916 455 1623
936 419 976 454 P.
996 430 1055 454 an.
1076 420 1104 454 I.

285 541 380 576 Non.
402 542 489 576 buza.
508 541 544 575 S.
563 541 591 575 I.
615 542 688 575 153.
1520 543 1608 587 Ray.
1627 543 1716 577 bun.
1740 543 1802 577 VI.
1822 545 1876 579 36.

371 680 414 724 3.
471 681 519 718 A.
542 676 587 718 P.
612 675 664 718 R.
688 676 745 719 M.
772 684 957 722 Ratiom·
974 685 1201 735 conyrm't.
1225 703 1252 710 -
1284 677 1444 720 Urban.
1487 677 1605 732 VIII,
1634 678 1876 732 petentibus

288 754 447 791 rectore
464 753 506 790 et
521 748 813 802 collegialibus
830 749 924 791 coll.
939 749 981 791 S.
996 749 1593 803 I Flexien.‚declarationem
1611 749 1732 804 Greg.
1751 749 1875 804 XIII,

292 822 341 861 13
363 820 448 861 kal.
474 821 574 873 Apr.
600 820 721 861 Pont.
745 834 813 861 an.
839 819 905 861 III
927 820 1083 863 factam
1121 822 1165 862 in
1200 821 1386 863 favorem
1422 822 1462 863 d.
1501 821 1597 863 0011.
1635 821 1746 876 quod
1779 821 1878 864 licet

289 906 371 933 non
392 892 512 932 iuxta
530 896 719 933 tenorem
740 891 823 933 litt.
847 891 977 934 Clem.
1004 891 1107 934 VIII
1131 893 1224 946 (cfr.
1249 907 1290 935 n.
1319 895 1414 946 183)
1436 894 1479 934 111
1501 894 1591 947 ipso
1613 894 1695 934 situ
1716 894 1877 946 priora-

289 968 358 1004 tus
379 963 420 1005 S.
443 962 588 1005 Iacobi
607 962 680 1004 sed
701 963 983 1005 commodiore
1003 965 1047 1006 in
1081 964 1122 1006 d.
1146 977 1243 1019 opp.
1268 965 1360 1007 loco
1397 969 1687 1006 constructum
1721 964 1875 1016 fuerat,

290 1035 455 1076 valeret
474 1040 617 1076 tamen
639 1035 679 1076 d.
704 1036 914 1088 prioratus
935 1036 1154 1089 extinctio,
1177 1037 1366 1078 decernit
1385 1037 1526 1078 valere
1562 1036 1736 1089 perinde
1765 1049 1814 1078 ac
1844 1037 1879 1078 si

291 1107 374 1149 litt.
398 1120 524 1160 super
543 1106 584 1149 d.
609 1106 893 1149 declaratione
914 1107 1130 1150 confectae
1151 1107 1343 1150 fuissent.

296 1173 339 1208 R.
365 1184 422 1217 ap.
443 1174 479 1207 S.
502 1173 540 1207 P.
562 1173 646 1208 VIII
664 1173 711 1208 id.
732 1174 827 1217 Aug.
850 1176 935 1209 1632
953 1174 994 1210 P.
1014 1185 1074 1209 an.
1093 1174 1122 1210 1.

1523 1283 1612 1328 Rey.
1632 1283 1722 1319 buu.
1752 1284 1784 1318 V.
1804 1286 1881 1319 314.

373 1408 418 1452 4.
451 1412 636 1451 Ratiom'
655 1410 881 1463 conyruz't.
905 1430 931 1436 -
951 1403 1113 1447 Urban.
1142 1404 1258 1458 VIII,
1282 1405 1456 1447 mandat
1484 1406 1563 1447 vic.
1587 1419 1679 1459 gen.
1704 1405 1883 1460 patriar-

292 1480 396 1521 chae
419 1479 684 1533 Aquilegien.
709 1482 756 1519 ut
780 1476 1002 1519 confirmet
1036 1478 1238 1519 unionem
1272 1491 1370 1519 cum
1404 1477 1501 1519 coll.
1527 1477 1568 1519 S.
1594 1476 1629 1519 I.
1655 1478 1881 1530 Goritien.‚

292 1551 536 1606 petentibus
571 1555 675 1592 rect.
712 1549 753 1591 d.
778 1549 874 1591 coll.
899 1555 941 1590 et
975 1548 1238 1591 Ferdinando
1274 1562 1369 1602 rege
1403 1548 1544 1602 Rom.‚
1568 1563 1593 1590 a
1627 1548 1749 1603 Greg.
1787 1547 1882 1601 XV,

292 1626 319 1664 4
339 1623 424 1664 kal.
449 1622 541 1664 Ian.
564 1621 686 1664 Pont.
711 1635 780 1663 an.
803 1620 862 1673 II,
884 1620 986 1662 licet
1014 1620 1181 1662 litterae
1216 1620 1431 1662 confectae
1466 1634 1550 1662 non
1579 1620 1753 1674 fuerint,
1785 1633 1884 1662 con-

291 1703 453 1730 cessam
475 1702 531 1730 80.
555 1688 812 1742 parochialis
833 1687 938 1729 0001,
965 1687 1006 1729 S.
1031 1687 1145 1728 Petri
1165 1692 1288 1729 extra
1308 1701 1450 1729 muros
1471 1688 1552 1729 civ.
1576 1687 1784 1739 Goritien,
1806 1699 1881 1740 per

292 1761 455 1802 obitum
478 1759 576 1813 Cyri
591 1759 863 1814 Frangipani,
889 1760 1010 1811 1618,
1034 1760 1238 1812 vacantis,
1262 1772 1358 1800 cum
1379 1757 1420 1800 S.
1445 1758 1663 1800 Laurentii
1684 1759 1727 1799 in
1749 1757 1883 1799 Buco-

292 1833 405 1873 vizza
425 1833 512 1873 sive
533 1831 803 1884 Busbevizza‚
827 1830 868 1872 S.
894 1831 1066 1872 Antonii
1087 1831 1130 1871 in
1152 1829 1304 1884 Biglia,
1328 1829 1369 1873 S.
1393 1830 1618 1883 Augustini
1648 1831 1691 1871 in
1721 1829 1884 1871 Bacho-

293 1905 432 1958 gliano
449 1905 536 1946 sive
553 1903 832 1955 Rucholiano,
851 1902 892 1944 S.
912 1901 1166 1944 Catharinae
1185 1903 1228 1943 in
1244 1901 1350 1944 Peez
1367 1903 1453 1944 sive
1469 1901 1611 1953 Perez,
1629 1901 1671 1944 S.
1691 1900 1882 1943 Martinii

294 1976 337 2017 in
359 1976 549 2029 Savogua
569 1976 657 2017 sive
677 1974 871 2028 Sanogua
890 1978 931 2016 et
953 1974 994 2016 S.
1018 1973 1054 2016 I.
1080 1973 1126 2015 B.
1152 1975 1195 2015 in
1230 1972 1427 2016 Tartoibo
1463 1974 1550 2015 sive
1587 1973 1784 2015 Vartribo
1820 1973 1884 2014 illi

294 2049 470 2089 annexis
492 2048 684 2089 000108118
710 2063 718 2089 2
742 2060 826 2088 una
845 2047 1005 2088 vicaria
1025 2050 1229 2100 perpetua
1250 2046 1452 2098 erigatur.

292 2114 338 2149 R.
357 2125 416 2157 ap.
436 2115 472 2148 S.
494 2114 534 2149 P.
554 2113 635 2149 VIII
652 2113 701 2147 id.
720 2114 817 2156 Aug.
837 2114 923 2148 1623
941 2112 982 2147 P.
1002 2123 1062 2147 an.
1084 2113 1110 2148 l.

1474 2227 1560 2271 Rey.
1580 2227 1670 2261 bull.
1698 2226 1737 2262 V.
1758 2229 1833 2263 157.
1853 2227 1886 2261 b.

378 2359 419 2404 5.
453 2357 504 2400 A.
528 2355 575 2400 P.
600 2355 650 2399 R.
681 2355 739 2400 M.
764 2359 950 2402 Ratiom‘
969 2359 1197 2413 conyrm‘t.
1221 2380 1248 2387 -
1283 2353 1444 2398 Urban.
1484 2355 1587 2397 VIII
1621 2357 1666 2397 in
1699 2355 1887 2397 favorem

298 2428 396 2472 coll.
419 2429 460 2472 S.
484 2429 519 2471 I.
544 2429 783 2471 Messanen.
806 2442 832 2470 a
852 2426 1001 2470 Carolo
1026 2427 1059 2468 V
1081 2428 1227 2481 erecti,
1251 2428 1333 2478 cui,
1358 2432 1526 2481 petente
1543 2427 1739 2481 Philippo
1761 2426 1882 2481 Hisp.

298 2515 393 2555 rege
413 2502 527 2543 cath.
551 2505 592 2543 et
612 2502 834 2554 utriusque
855 2499 1026 2542 Siciliae
1046 2513 1159 2553 rege,
1182 2498 1303 2553 Greg.
1329 2497 1422 2551 XV,
1445 2502 1469 2541 5
1491 2498 1575 2541 kal.
1601 2499 1706 2552 Aug.
1731 2498 1778 2541 P.
1813 2512 1883 2540 an.

299 2571 357 2626 ΙΙ,
381 2574 625 2627 pensionem
646 2574 726 2614 800
747 2585 873 2625 super
892 2570 1263 2626 archiepiscopalis
1284 2570 1573 2612 Panormitan.
1597 2574 1639 2612 et
1661 2572 1740 2611 600
1762 2583 1888 2624 super

299 2645 550 2699 episcopalis
564 2644 823 2686 Cathaneen.
843 2656 1084 2684 mensarum
1105 2641 1312 2683 fructibus
1333 2643 1579 2692 reservavit,
1600 2642 1698 2683 licet
1718 2641 1887 2683 litterae

300 2717 515 2758 confectae
537 2730 619 2758 non
640 2716 813 2767 fuerint,
837 2713 1011 2756 mandat
1031 2714 1229 2766 archiep&
1254 2712 1407 2754 Montis
1429 2713 1581 2766 regalis
1603 2718 1645 2754 et
1678 2716 1756 2765 epo
1778 2712 1890 2754 Sira·

300 2802 445 2829 cusan.
469 2792 512 2829 et
531 2801 621 2830 cur.
643 2800 758 2829 caus.
783 2800 892 2828 cam.
915 2799 985 2839 ap.
1008 2799 1101 2839 gen.
1125 2784 1310 2826 auditori
1337 2788 1384 2824 ut
1417 2783 1484 2825 dd.
1524 2784 1745 2838 pensiones
1781 2783 1887 2824 solvi

303 2864 467 2901 curent.

312 2927 353 2961 R.
372 2937 431 2969 ap.
452 2925 489 2960 S.
512 2926 550 2962 P.
571 2925 654 2962 VIII
672 2925 720 2959 id.
742 2926 837 2969 Aug.
857 2926 941 2960 1623
958 2923 1001 2958 P.
1021 2934 1080 2958 an.
1097 2924 1125 2959 I.

1473 3039 1561 3082 Req.
1580 3038 1670 3073 buza.
1701 3039 1736 3072 v.
1757 3041 1830 3073 166.
1853 3039 1887 3074 b.
