1989 3252
0 0 29 220 ξ

0 257 15 272 1
76 222 250 266 Bened.
274 222 412 265 XIII.
744 244 798 250 —
826 221 907 261 457
938 245 989 250 -
1502 221 1652 265 1729.

75 320 172 349 nem
191 320 264 349 seu
286 307 536 360 rescriptum
557 307 610 348 27
632 305 756 348 Mart.
783 308 885 348 1727
917 308 1153 360 (insertum)
1184 306 1332 358 Congr.
1367 306 1656 359 episcoporum

73 382 116 419 et
136 378 287 430 regul„
311 383 352 418 et
376 378 629 419 sententiam
650 375 908 418 definitivam
930 378 1101 418 Antonii
1129 377 1300 419 Xaverii
1337 376 1387 418 de
1422 376 1656 418 Gentilibus

1 492 3 495 ,
73 448 396 490 locumtenentis
430 462 524 501 gen.
564 447 694 489 audit.
734 461 956 488 causarum
993 462 1080 490 cur.
1119 462 1226 490 cam.
1264 452 1399 501 apost.
1453 450 1502 488 10
1554 448 1656 489 Maii

75 520 180 561 1727
201 521 450 573 (insertam),
474 519 626 573 quibus
646 524 788 573 patres
809 520 1045 561 scholarum
1065 521 1232 573 piarum
1265 521 1385 561 vetiti
1419 525 1516 561 sunt
1550 521 1655 562 alias

72 590 236 632 scholas
257 590 411 632 habere
437 604 562 644 quam
584 591 802 632 inferiores
832 604 904 644 pro
935 592 1075 644 pueris
1096 591 1348 644 pauperibus
1379 595 1542 632 tantum
1565 593 1653 633 sine

73 661 280 714 stipendio
300 661 537 703 imbuendis
566 662 609 703 in
630 651 776 714 primis
807 662 1024 703 elementis
1050 664 1364 715 grammaticae,
1389 668 1582 716 computo
1613 668 1654 704 et

68 733 292 786 praecipue
314 732 432 773 bonis
452 732 638 774 moribus
660 737 703 774 et
722 732 820 774 fidei
841 733 951 774 cath.
976 733 1239 775 rudimentis.

69 798 110 832 R.
129 809 186 841 ap.
208 798 243 831 S.
265 798 306 832 P.
327 798 430 832 XVII
446 799 524 833 Iun.
549 801 631 833 1729
650 799 691 833 Ρ.
710 809 770 832 an.
792 799 849 833 VI.

1346 908 1431 951 κερ.
1452 907 1541 942 buza.
1572 907 1647 942 VII.

148 1016 215 1060 15.
250 1014 301 1055 A.
340 1013 387 1055 P.
428 1013 478 1054 R.
517 1013 572 1054 M.
616 1021 812 1058 oneroso
839 1023 965 1058 sacre·
991 1019 1285 1071 apostolatus.
1323 1040 1348 1046 -
1383 1015 1486 1057 Ben.
1525 1015 1646 1068 XIII,

66 1084 305 1138 petentibus
340 1090 500 1126 rectore
536 1090 578 1126 et
617 1085 755 1138 presb.
799 1085 1060 1138 regularibus
1099 1086 1194 1128 coll.
1235 1085 1275 1128 S.
1314 1087 1348 1128 Ι.
1393 1085 1647 1129 Torunensis

67 1154 255 1197 Culmen.
280 1156 430 1208 dioec„
455 1170 479 1197 a
500 1156 623 1197 Petro
648 1155 816 1209 Tilijcki
837 1157 934 1198 olim
959 1157 998 1198 d.
1023 1156 1153 1198 dioec.
1179 1162 1255 1211 epo
1278 1157 1441 1199 fundati
1463 1162 1503 1198 et
1526 1171 1645 1211 paro-

66 1227 195 1268 chiali
224 1227 402 1268 ecclesia
437 1227 479 1269 S.
517 1226 685 1268 Ioannis
719 1227 838 1281 Bapt.
878 1229 931 1269 ab
967 1242 1030 1279 eo,
1068 1230 1353 1270 consentiente
1389 1243 1485 1282 rege
1521 1229 1645 1282 Sigis-

64 1298 217 1339 mundo
263 1297 326 1338 III
372 1298 570 1339 Poloniae
631 1312 726 1351 rege
775 1299 945 1351 illustri,
992 1300 1161 1351 provisi,
1203 1300 1437 1352 confirmat,
1488 1301 1643 1340 intuitu

65 1368 408 1421 presbyterorum
429 1369 711 1410 saecularium
733 1370 804 1423 qui
826 1369 936 1422 apud
957 1371 1246 1422 magistratum
1268 1370 1410 1424 oppidi
1440 1370 1642 1411 acatholi-

60 1452 155 1480 cum
195 1439 330 1492 iurgia
370 1444 553 1489 movent,
596 1441 909 1493 iuspatronatus
948 1440 987 1481 d.
1031 1442 1231 1482 ecclesiae
1271 1456 1344 1494 pro
1386 1441 1424 1482 d.
1469 1442 1642 1493 collegio

61 1509 290 1552 secundum
308 1510 469 1552 litteras
488 1515 680 1564 patentes
697 1511 734 1552 d.
756 1512 941 1565 episcopi
957 1516 997 1553 et
1013 1512 1243 1565 diplomata
1260 1527 1403 1566 regum
1425 1512 1637 1554 Poloniae.

60 1575 103 1610 R.
124 1587 180 1618 ap.
202 1576 237 1610 S.
261 1576 300 1611 P.
319 1577 367 1611 IV
386 1577 459 1610 kal.
480 1577 546 1611 Iul.
572 1580 652 1612 1729
671 1578 712 1612 P.
732 1590 789 1612 an.
810 1578 869 1612 VI⁴

1338 1689 1426 1732 Rey.
1446 1689 1533 1722 bull.
1563 1688 1641 1722 VII.

138 1797 205 1840 16.
243 1795 291 1836 Α.
315 1794 362 1836 Ρ.
386 1794 435 1837 R.
459 1794 517 1837 M.
545 1799 860 1852 Redemptor-is
888 1802 1036 1840 nostr-l
1056 1804 1087 1839 l.
1116 1804 1154 1842 C.
1176 1796 1317 1838 —Ben.
1338 1796 1458 1848 XIII,
1481 1797 1638 1850 suppli-

56 1869 178 1907 cante
211 1865 338 1907 Mich.
379 1866 482 1918 Ang.
521 1865 770 1907 Tamburini
805 1867 953 1921 Praep.
991 1867 1095 1909 Gen.
1134 1867 1253 1919 S.1.,
1277 1868 1635 1921 congregationem

56 1935 189 1978 bonae
212 1938 372 1988 mortis,
396 1951 420 1978 a
441 1938 492 1978 70
514 1937 635 1978 annis
666 1938 708 1978 in
741 1938 919 1979 ecclesia
953 1938 1062 1980 doni.
1102 1939 1207 1992 prof.
1247 1938 1297 1980 de
1332 1938 1446 1980 Urbe
1476 1939 1552 1980 fer.
1576 1938 1634 1979 Vl

55 2007 278 2049 cuiuslibet
298 2007 422 2049 hebd.
448 2007 594 2049 haberi
616 2007 784 2049 solitam
806 2014 846 2049 et
866 2009 917 2049 ab
939 2009 1058 2050 Alex.
1083 2009 1163 2050 VH
1186 2024 1260 2062 per
1282 2009 1413 2051 Breve
1443 2011 1492 2050 21
1526 2009 1630 2062 Aug.

57 2079 157 2120 1651
196 2079 457 2132 indulgentia
491 2080 754 2131 instructam,
792 2080 835 2120 in
867 2081 1110 2133 primariam
1147 2081 1325 2133 stabilit,
1362 2081 1633 2134 indulgentiis

54 2154 190 2201 ornat,
213 2150 454 2192 facultatem
477 2150 670 2191 concedit
690 2150 841 2204 Praep.
874 2151 978 2193 Gen.
1017 2151 1057 2193 S.
1094 2151 1129 2194 Ι.
1167 2153 1273 2194 alias
1307 2152 1557 2206 aggregandi
1591 2158 1631 2194 et

52 2224 210 2262 statuta
228 2221 446 2263 condendi.

49 2285 93 2319 R.
113 2296 170 2330 ap.
192 2286 227 2320 S.
248 2286 288 2321 P.
308 2286 359 2321 IX
378 2286 450 2320 kal.
472 2286 550 2320 Oct.
573 2288 657 2321 1729
677 2287 715 2320 P.
736 2299 795 2321 an.
818 2287 875 2323 VI.

46 2394 149 2428 Ball.
170 2396 274 2430 Rom.
293 2412 336 2420 —·
352 2395 443 2429 Νου.
464 2398 551 2428 bull.
571 2395 605 2429 S.
625 2394 647 2428 I
674 2397 749 2429 238.
