1989 3252
258 206 437 249 Urban.
458 204 589 248 VIII.
929 229 984 235 —
1013 207 1094 247 344
1131 230 1175 235 —-
1718 212 1847 256 1635.

259 291 394 345 ipsius
411 290 515 332 eccl.
528 290 734 332 decanum
746 291 940 334 Praesuli
956 292 1009 334 ad
1022 307 1144 335 usum
1161 296 1434 338 recreationis
1448 295 1620 338 relictae
1639 295 1716 338 sub
1728 311 1852 339 onere

259 361 479 403 solutionis
497 362 793 404 nonnullorum
810 363 1044 416 legatorum
1063 364 1116 406 ad
1132 379 1340 408 summam
1357 369 1465 408 4000
1488 372 1592 410 scut.
1613 381 1706 410 aur.
1725 368 1849 422 (3000

258 432 352 475 duc.
376 434 471 474 auri
499 432 550 474 de
581 434 766 488 camera)
797 435 1128 478 ascendentium.

258 499 299 534 R.
321 511 380 543 ap.
401 499 438 533 S.
457 499 506 534 M.
527 499 577 534 M.
600 499 715 535 XVIII
736 499 810 534 kal.
831 500 930 535 Maii.
954 503 1038 536 1635
1057 502 1096 536 P.
1116 513 1175 537 an.
1195 503 1274 539 XII.

1497 616 1584 659 Req-
1601 616 1688 650 buu.
1713 617 1774 650 VI.
1794 619 1849 653 60.

342 736 440 779 167.
478 741 585 778 Cum
605 739 721 777 sicul
741 737 1016 791 accepimus.
1039 760 1065 766 —
1085 735 1248 777 Urban.
1272 735 1375 777 VIII
1404 735 1606 778 declarat.
1638 736 1850 790 regulares

264 807 336 861 qui
356 806 470 848 ultra
489 811 586 848 vota
621 806 745 848 solita
779 807 907 848 etiam
944 813 1086 848 votum
1122 809 1323 850 emittunt
1359 808 1410 850 de
1446 822 1529 850 non
1562 808 1745 862 petenda
1778 813 1853 851 aut

261 877 522 932 acceptanda
560 883 681 919 extra
717 878 962 931 religionem
998 878 1216 932 dignitate,
1254 894 1329 933 per
1364 893 1674 934 quamcumque
1708 893 1853 921 eorum

258 949 581 991 translationem
618 963 694 991 seu
730 949 900 990 habitus
935 951 1214 1003 privationem
1266 956 1341 992 aut
1376 951 1667 993 dimissionem
1702 964 1727 993 a
1758 956 1853 993 voto

261 1020 502 1063 huiusmodi
525 1020 767 1062 nullatenus
788 1021 977 1063 liberari.

260 1086 302 1120 R.
321 1097 378 1130 ap.
399 1087 436 1121 s.
460 1088 508 1120 M.
529 1088 579 1122 M.
598 1087 686 1122 xx1
705 1087 806 1123 Maii.
828 1089 913 1122 1635
932 1088 971 1122 P.
992 1087 1153 1123 an.x11.

260 1194 363 1229 Bull.
382 1195 490 1230 Rom.
1591 1197 1742 1232 Elench.
1763 1198 1852 1235 buzl.

347 1320 449 1363 168.
482 1325 556 1362 Em
575 1321 781 1363 iniuncto
800 1322 943 1363 nobis.
968 1344 993 1349 -
1013 1318 1175 1361 Urban.
1214 1318 1331 1369 VIII,
1362 1319 1503 1360 citatis
1536 1319 1618 1360 litt.
1642 1318 1763 1360 Pauli
1790 1318 1850 1372 II,

264 1394 375 1432 Cum
395 1391 444 1432 in
465 1392 677 1433 omnibus
698 1393 900 1443 iudiciis,
927 1392 1046 1441 1465,
1069 1404 1107 1431 V.
1141 1390 1196 1432 id.
1236 1390 1355 1443 Maii,
1392 1389 1633 1444 petentibus
1667 1395 1771 1432 rect.
1811 1394 1854 1432 et

267 1459 559 1513 collegialibus
599 1460 693 1502 coll.
738 1460 778 1503 S.
821 1461 855 1502 Ι.
898 1461 1124 1504 Taurinen.
1150 1467 1193 1504 et
1212 1462 1514 1504 communitate
1536 1467 1579 1503 et
1613 1461 1854 1503 hominibus

267 1532 513 1584 Taurinen.,
538 1532 712 1573 mandat
745 1533 1044 1575 archidiacono
1078 1534 1182 1575 eccl.
1221 1538 1262 1575 et
1296 1534 1378 1575 vic.
1417 1547 1511 1586 gen.
1550 1533 1857 1587 archiepiscopi

265 1603 496 1645 Taurinen.
534 1609 593 1654 ut,
631 1605 666 1644 si
700 1604 743 1645 in
781 1605 1020 1646 evidentem
1056 1605 1097 1646 d.
1135 1605 1230 1648 coll.
1270 1605 1501 1647 utilitatem
1530 1605 1666 1657 cedat,
1690 1605 1859 1658 deroget

268 1675 543 1728 prohibitioni
565 1675 837 1716 alienationis
860 1674 902 1714 in
933 1678 1187 1715 testamanto
1219 1674 1407 1717 Alerami
1440 1675 1675 1717 Berchutae
1709 1676 1857 1718 funda-

267 1747 371 1788 toris
392 1746 573 1800 praefati
589 1745 771 1798 collegii,
790 1750 833 1787 et
854 1745 1136 1787 venditionem
1159 1746 1377 1787 cuiusdam
1401 1748 1606 1800 portionis
1622 1747 1691 1800 (fr.
1712 1750 1736 1788 6
1753 1747 1850 1790 libr.

265 1832 337 1860 seu
378 1819 404 1860 2
424 1831 482 1859 sc.
520 1818 630 1871 auri)
663 1817 718 1859 ad
752 1817 1007 1871 emptionem
1048 1818 1266 1859 cuiusdam
1314 1823 1522 1860 terrarum
1571 1820 1855 1861 continentiae

263 1889 332 1944 (fr.
358 1892 381 1930 6
404 1890 482 1943 sc.)
506 1890 549 1930 in
570 1889 740 1942 regione
763 1888 852 1930 alta
872 1902 942 1930 seu
966 1889 1083 1943 putei
1105 1894 1237 1931 strata
1256 1903 1382 1932 nunc.
1407 1889 1640 1932 confirmet.
1711 1936 1715 1940 ¹

261 1956 306 1991 R.
326 1967 382 2000 ap.
403 1956 439 1990 S.
455 1956 503 1990 M.
526 1956 575 1990 M.
596 1956 646 1991 VI
664 1967 747 1990 non.
768 1956 850 1990 Iun.
874 1958 956 1991 1635
977 1955 1014 1989 Ρ.
1035 1967 1093 1990 an.
1112 1956 1192 1990 XII.

1495 2068 1585 2111 Ray.
1604 2067 1694 2102 bull.
1723 2068 1780 2102 VI.
1800 2071 1854 2103 62.

344 2183 445 2226 169.
479 2186 664 2238 Expom'
684 2184 813 2225 nobis
834 2196 995 2237 nuper.
1034 2206 1059 2211 -
1093 2179 1255 2223 Urban.
1294 2179 1412 2233 VIII,
1448 2181 1690 2235 petentibus
1730 2180 1852 2223 Vinc.

260 2251 511 2304 Raimondo,
533 2251 627 2293 Nic.
655 2252 864 2293 Cusmano
887 2256 929 2292 et
960 2252 1059 2293 Ant.
1098 2251 1131 2292 F
1133 2265 1259 2293 azzan
1293 2252 1499 2305 religiosis
1536 2253 1579 2294 S.
1604 2252 1657 2304 I.,
1682 2252 1857 2294 mandat

259 2323 458 2377 archiep&
481 2323 717 2365 Messanen.
743 2324 831 2364 sive
853 2324 944 2364 eius
966 2324 1045 2365 vic.
1083 2337 1176 2376 gen.
1215 2328 1263 2364 ut
1297 2323 1503 2376 approbet
1538 2325 1852 2366 conversionem

259 2395 303 2435 in
339 2395 594 2448 emptionem
631 2394 866 2446 stabilium,
904 2400 1122 2435 scutorum
1160 2396 1292 2435 10920
1327 2408 1452 2447 super
1486 2396 1622 2436 20000
1652 2408 1678 2436 a
1706 2394 1767 2436 Io.
1802 2395 1850 2437 Β.

263 2465 415 2519 Ciurgo
437 2465 675 2508 Messanen.
700 2466 859 2508 relictis
880 2480 954 2519 pro
974 2465 1218 2507 fundatione
1239 2470 1282 2507 et
1302 2465 1398 2507 dote
1420 2466 1587 2519 collegii
1609 2466 1685 2507 sub
1715 2467 1849 2508 invoc.

264 2537 304 2579 S.
329 2537 363 2579 Ι.
389 2537 436 2579 Β.
462 2539 504 2578 in
526 2537 566 2579 d.
591 2538 669 2579 civ.
694 2543 737 2580 et
759 2541 952 2579 contrata
973 2537 1011 2579 S.
1038 2537 1071 2578 Ι.
1097 2537 1146 2578 Β.
1172 2538 1546 2590 Hierosolymitani
1567 2538 1767 2591 erigendi.

262 2605 302 2638 R.
324 2615 380 2647 ap.
402 2603 437 2638 S.
458 2604 507 2638 M.
532 2604 579 2637 M.
600 2604 682 2638 XIII
702 2605 768 2639 Iul.
792 2606 876 2639 1635
896 2604 934 2637 Ρ.
955 2615 1014 2638 an.
1035 2604 1114 2639 XII.

1498 2714 1586 2755 Req-
1604 2712 1692 2746 hall.
1722 2712 1777 2746 VI.
1797 2715 1851 2747 65.

345 2825 443 2868 170.
480 2823 530 2864 Α.
554 2823 599 2864 Ρ.
626 2823 674 2865 R.
705 2823 757 2864 M.
785 2831 968 2879 Expom'
988 2826 1118 2867 nobis
1137 2837 1296 2879 nuper.
1321 2847 1345 2852 —
1367 2821 1527 2863 Urban.
1546 2821 1665 2874 VIII,
1684 2826 1853 2875 petente

261 2893 395 2935 Mutio
426 2894 673 2935 Vitelleschi
710 2895 860 2948 Praep.
884 2893 988 2935 Gen.
1015 2893 1055 2935 S.
1080 2893 1135 2945 I.,
1160 2893 1344 2934 declarat
1378 2894 1616 2947 superiores
1652 2893 1693 2936 d.
1717 2892 1757 2935 S.
1783 2894 1854 2947 qui

261 2969 360 3006 sunt
381 2965 569 3018 magistri
599 2966 852 3006 novitiorum
890 2979 972 3005 non
994 2964 1291 3018 comprehendi
1322 2964 1365 3005 in
1395 2964 1562 3006 decreto
1592 2963 1723 3006 Clem.
1749 2963 1852 3005 VIII

265 3036 529 3090 prohibentis
550 3050 602 3078 ne
624 3037 861 3090 superiores
891 3036 1172 3078 confessiones
1201 3035 1464 3077 subditorum
1495 3035 1685 3088 audiant,
1717 3036 1851 3078 teneri
