1989 3252
211 199 348 253 (ἦγες.
373 198 509 243 xm.
885 225 937 230 —
968 202 1048 241 526
1088 226 1132 230 --
1667 206 1797 251 1584.

292 284 414 330 274ss
447 292 741 342 perspectam
761 302 869 332 esse.
896 312 921 318 —
942 288 1063 341 Greg.
1103 287 1207 330 XIII
1242 290 1592 343 gubernatoribus
1622 290 1801 334 ducatus

210 355 479 398 Moschorum
501 358 768 400 commendat
788 359 889 399 Ant.
915 359 1201 402 Possevinum.

211 423 253 457 R.
272 434 330 465 ap.
352 422 387 457 S.
408 423 458 458 M.
479 423 530 458 XI
548 425 641 467 Aug.
661 427 745 459 1584
765 425 805 460 P.
826 436 885 460 an.
906 426 1005 461 XIII.

215 533 383 573 Theium,
403 544 493 567 ann.
513 534 595 568 eccl.
616 537 665 567 ad
683 534 719 569 ἡ.
739 546 774 570 α.
794 547 831 570 n.
852 538 905 570 82.

293 653 414 698 275?
445 653 685 696 Facultates
707 669 930 698 concessae
952 671 975 698 a
997 657 1120 710 Greg.
1146 657 1251 699 XIII
1286 659 1573 700 sacerdotibus
1604 659 1646 702 S.
1679 659 1712 702 Ι.
1747 660 1800 702 ad

209 726 262 766 20
284 738 415 766 annos
450 726 492 766 in
524 726 765 778 regionibus
795 725 1007 768 CPlitanis
1042 728 1085 768 in
1120 729 1299 781 gratiam
1330 728 1519 771 fidelium
1552 731 1800 785 incolarum,

208 809 291 836 non
312 801 454 838 autem
486 799 818 850 peregrinorum.
843 798 895 840 Sc
919 814 926 839 :
961 798 1204 841 absolvendi
1234 799 1287 841 ab
1318 801 1483 842 haeresi
1513 806 1556 843 et
1587 804 1801 856 apostasia

209 869 338 909 etiam
360 868 548 922 relapsos
570 893 594 898 —
625 883 650 909 a
680 870 848 911 casibus
884 869 1034 912 Bullae
1069 870 1231 912 Coenae
1267 872 1308 912 in
1345 876 1524 926 utroque
1561 873 1666 925 foro,
1703 887 1796 915 exc.

209 938 420 981 delatione
441 954 653 982 armorum
676 941 729 982 ad
751 941 944 983 infideles
964 967 989 972 -
1011 942 1280 996 dispensandi
1311 957 1436 996 super
1464 945 1682 998 irregular.
1707 959 1798 987 exc.

208 1011 390 1064 bigamia
411 1017 452 1055 et
472 1013 627 1054 homic.
652 1013 797 1054 volunt
818 1039 843 1044 —
864 1015 907 1054 in
928 1016 972 1055 3ο
994 1019 1036 1056 et
1056 1017 1100 1056 4⁰
1119 1015 1250 1068 gradu
1272 1017 1315 1056 in
1336 1017 1420 1056 iam
1450 1022 1664 1059 contracto
1686 1022 1728 1059 et
1750 1018 1803 1059 ad

208 1084 542 1125 contrahendum
564 1085 694 1127 etiam
717 1085 760 1126 in
781 1085 890 1127 facie
911 1085 1014 1127 eccl.

207 1150 313 1185 XXV
331 1152 425 1194 Aug.
450 1153 543 1186 1584.

1444 1266 1534 1309 Καρ.
1555 1265 1644 1299 cun.
1664 1241 1728 1300 lvi
1748 1267 1802 1300 88.

288 1371 411 1417 279.ἓ
448 1378 590 1415 Tanta
614 1379 677 1416 est
698 1376 910 1417 doctrina
933 1380 1026 1418 tusc.
1051 1400 1076 1405 —
1100 1373 1223 1428 Greg.
1249 1374 1354 1416 XIII
1375 1375 1444 1416 Fr.
1469 1375 1662 1417 Toletum
1696 1375 1737 1417 S.
1762 1375 1798 1416 I.

206 1444 464 1496 gravissimis
487 1444 529 1484 in
551 1445 798 1486 muneribus
820 1445 941 1499 longo
963 1450 1004 1487 et
1025 1447 1174 1488 intimo
1205 1461 1282 1488 usu
1314 1446 1395 1488 sibi
1426 1448 1656 1500 cognitum,
1680 1448 1800 1488 cuius

204 1516 364 1568 scripta
385 1516 563 1557 aliorum
587 1516 743 1558 iudicio
767 1517 919 1558 subiici
941 1531 1123 1572 aequum
1155 1533 1237 1560 non
1268 1523 1345 1571 est,
1370 1520 1673 1560 commentaria
1703 1533 1798 1560 curn

203 1588 547 1629 annotationibus
565 1588 606 1628 in
634 1588 679 1629 l).
705 1588 906 1630 Ioannem
931 1590 1083 1632 edendi
1104 1590 1273 1644 plenam
1295 1595 1338 1633 et
1359 1590 1534 1633 liberam
1566 1590 1639 1632 dat
1667 1591 1798 1632 facul-

201 1664 349 1701 tatem.

201 1725 287 1760 XVI
306 1724 379 1758 kal.
403 1726 486 1760 Dec.
510 1728 605 1761 1584.

200 1840 262 1874 Fr.
288 1841 429 1876 Tolecae'..
452 1852 612 1876 comm...
633 1844 672 1874 in
692 1842 849 1885 Lucam,
871 1843 998 1883 Preces.
1020 1843 1129 1877 ΜίεΙι4
1161 1845 1336 1890 Vasquz‘z.

286 1963 411 2009 2SO.²
444 1963 493 2004 A.
532 1963 579 2004 P.
616 1963 665 2005 R.
707 1963 764 2005 M.
790 1970 843 2007 In
863 1978 1083 2019 suprema
1107 1968 1350 2010 militantis
1371 1969 1599 2011 ecclesiae.
1623 1991 1648 1996 —
1669 1964 1790 2019 Greg.

202 2034 306 2075 XIII
328 2035 610 2088 parochialem
633 2035 856 2077 ecclesiam
878 2034 917 2076 S.
943 2035 1057 2078 Petri
1077 2036 1121 2076 in
1150 2036 1387 2079 meditullio
1409 2038 1591 2079 civitatis
1622 2037 1794 2079 Placen-

202 2107 278 2148 tin.
317 2108 618 2148 consistentem
654 2120 744 2148 vac.
770 2121 844 2161 per
879 2106 1165 2149 dimissionem
1196 2108 1369 2151 Antonii
1404 2109 1455 2150 de
1489 2108 1570 2150 Via
1605 2109 1795 2151 canonici

200 2178 446 2219 Cremonen.
462 2193 556 2219 cum
574 2178 768 2220 domibus
782 2183 825 2220 et
841 2178 1177 2220 habitationibus
1194 2179 1484 2222 adiacentibus
1502 2185 1543 2221 et
1562 2180 1794 2222 redditibus

204 2252 280 2290 130
304 2249 568 2301 ducatorum,
592 2264 687 2291 cuin
718 2263 844 2292 onere
879 2264 1046 2292 annuae
1082 2252 1295 2304 pensionis
1331 2254 1383 2293 30
1415 2257 1631 2294 scutorum
1654 2260 1794 2294 certae

198 2334 402 2373 personae
424 2321 738 2362 ecclesiasticae
760 2321 1000 2374 solvendae,
1019 2322 1195 2375 collegio
1218 2322 1452 2365 Placentin.
1473 2324 1513 2365 S.
1534 2323 1569 2365 I.
1589 2325 1791 2373 annectit,

200 2396 247 2433 ut
268 2393 387 2433 iuxta
408 2406 551 2446 preces
573 2393 736 2433 Octavii
758 2392 947 2434 Farnesii
969 2392 1086 2434 ducis
1108 2393 1285 2435 Parmae
1307 2399 1350 2436 et
1370 2394 1611 2437 Placentiae
1631 2409 1793 2437 necnon

201 2464 386 2517 Philippi
408 2465 593 2517 episcopi
616 2464 848 2506 Placentin.
873 2465 1129 2506 institutioni
1156 2467 1341 2508 serviant
1370 2468 1497 2508 unius
1526 2467 1792 2520 praebendae

200 2535 427 2577 cathedrae
462 2536 700 2588 theologiae
735 2537 780 2576 in
815 2535 855 2576 d.
893 2536 1071 2578 ecclesia
1112 2536 1336 2590 erigendae
1374 2544 1417 2579 et
1456 2539 1587 2579 statui
1626 2539 1791 2592 collegii

201 2607 474 2648 meliorando.

201 2674 242 2708 H.
263 2686 319 2716 ap.
342 2674 377 2708 S.
402 2674 448 2707 M.
472 2685 553 2708 non.
575 2674 653 2708 Oet.
677 2677 760 2709 1584
780 2674 819 2709 P.
840 2686 898 2707 an.
919 2675 1016 2710 XIII.

1122 2785 1244 2818 Fumi⁴
1261 2797 1322 2829 pr.
1352 2787 1435 2821 Vcn.
1456 2792 1478 2821 t.
1507 2788 1559 2821 VI
1576 2787 1788 2822 Placentia.

279 2892 403 2938 ⁹380.3
435 2893 483 2933 A.
516 2893 557 2933 Γ.
585 2892 632 2933 R.
669 2892 724 2933 M.
753 2898 956 2936 Paterna
977 2896 1203 2938 charitate
1220 2909 1573 2939 commovemur.
1605 2920 1630 2926 -
1660 2894 1784 2949 Greg.

195 2963 301 3004 XIII
324 2965 554 3017 prioratum
576 2963 624 3005 B.
649 2963 708 3004 M.
732 2968 775 3005 et
795 2963 836 3005 S.
861 2963 1049 3017 Philippi
1071 2964 1122 3006 de
1143 2964 1269 3006 Porta
1290 2979 1362 3007 seu
1393 2967 1435 3007 in
1459 2966 1579 3008 Valle
1611 2966 1786 3009 Miolani

197 3037 245 3076 ().
271 3035 310 3077 S.
336 3035 382 3076 B.
419 3035 484 3077 vel
514 3036 690 3077 alterius
726 3035 883 3076 ordinis
914 3035 1293 3091 Gratianopolitan.
1328 3036 1463 3080 dioec.
1497 3052 1579 3080 non
1609 3052 1788 3080 conven-
