1989 3252
294 167 438 211 Clem.
459 166 546 210 XI.
954 189 1006 195 -
1037 168 1118 207 444
1148 192 1200 199 -
1752 174 1880 220 1714.

292 253 335 292 in
351 250 504 292 sacello
523 250 572 292 D.
592 250 647 293 N.
667 251 732 293 del
750 251 863 294 buon
880 253 1041 306 viaggio
1057 268 1082 294 a
1103 256 1242 296 nautis
1271 256 1478 298 celebrari
1498 257 1624 299 solita
1643 282 1697 289 —
1716 258 1756 301 S.
1783 259 1825 302 S.
1838 261 1880 302 in

293 322 391 364 aud.
416 321 596 375 benigne
616 323 769 364 annuit
787 337 862 377 pro
883 337 943 376 gr.
969 324 1021 365 ad
1042 327 1322 378 septennium.

287 391 307 424 3
323 388 391 424 Iul.
413 390 510 422 1713.

286 442 399 476 Nota.
422 442 608 477 Renovata
628 442 763 479 181un.
785 445 881 478 1720.

1728 559 1874 593 Baetae.

370 672 442 716 82.
475 670 625 725 Congr.
649 686 683 714 s.
708 673 778 714 rit.
803 680 846 714 et
865 673 951 715 ind.
977 699 1002 705 -
1024 673 1220 716 Patribus
1242 673 1281 716 S.
1307 675 1341 717 I.
1367 676 1602 719 Messanen.
1633 678 1877 731 petentibus

287 740 375 782 ind.
414 741 528 795 plen.
564 757 638 796 pro
675 757 828 785 comm.
863 757 957 797 gen.
998 745 1039 785 in
1076 745 1316 788 carceribus
1352 746 1448 788 dell'
1483 747 1713 802 Albugaria
1746 763 1769 790 e
1809 748 1877 791 del

286 811 474 864 Palazzo‚
497 812 550 854 ad
571 815 838 868 septennium
870 816 954 856 iam
978 829 1218 858 concessam
1238 843 1293 848 —
1312 817 1352 860 S.
1378 818 1419 860 S.
1444 818 1487 859 in
1508 818 1606 861 aud.
1630 820 1779 861 annuit
1799 834 1874 874 pro

286 882 607 927 confirmatione
631 885 684 927 ad
704 885 819 927 aliud
840 888 1122 940 septennium.

284 953 304 984 3
324 950 389 983 lul.
411 952 508 986 1713.

1726 1067 1872 1102 Bullae.

365 1183 436 1226 83.
472 1189 538 1226 Εα
559 1189 623 1227 esc
643 1198 851 1240 operosa.
876 1209 902 1215 -
923 1182 1054 1226 Clem.
1078 1183 1154 1237 XI,
1179 1184 1418 1238 petentibus
1449 1189 1611 1228 rectore
1638 1190 1681 1228 et
1700 1185 1873 1240 presby-

284 1252 387 1292 teris
422 1252 517 1294 coll.
551 1252 591 1295 S.
626 1254 659 1295 I.
700 1254 940 1306 saonensis,
978 1255 1152 1297 mandat
1186 1256 1381 1309 episcopo
1417 1255 1598 1299 Saonen.
1622 1262 1670 1298 ut
1697 1271 1792 1298 cum
1828 1256 1870 1299 d.

283 1323 460 1376 collegio
483 1326 602 1367 uniat
622 1326 842 1368 ecclesiam
879 1327 1181 1380 parochialem,
1206 1329 1540 1382 praeposituram
1571 1342 1695 1371 nunc.
1719 1328 1761 1370 S.
1789 1329 1871 1370 An-

283 1394 424 1448 dreae,
447 1410 473 1438 a
495 1396 589 1438 Nic.
626 1397 796 1440 Galesio
827 1399 1096 1452 resignatam,
1119 1399 1322 1441 ecclesiae
1353 1398 1393 1440 d.
1418 1399 1583 1452 collegii
1613 1400 1868 1453 contiguam,

280 1473 517 1521 angustam,
541 1470 585 1510 in
607 1470 694 1511 suis
715 1470 922 1512 limitibus
953 1471 1265 1524 parochialibus
1300 1485 1375 1525 per
1409 1472 1593 1526 spatium
1617 1472 1742 1513 unius
1776 1471 1870 1513 mil-

282 1538 393 1580 liarii
415 1545 537 1582 extra
572 1543 742 1583 moenia
775 1556 874 1595 erga
903 1548 1067 1584 montes
1098 1542 1295 1585 Valoriae
1327 1548 1563 1596 extensam,
1586 1543 1631 1584 in
1660 1557 1744 1597 qua
1773 1557 1870 1585 con-

279 1611 522 1653 fraternitas
557 1611 625 1654 SS.
665 1612 927 1655 Sacramenti
962 1615 1186 1668 reperitur,
1209 1639 1234 1645 -
1270 1619 1312 1655 et
1345 1615 1696 1668 parochianorum
1726 1628 1869 1656 curam

279 1687 321 1723 et
355 1682 394 1724 d.
439 1683 826 1726 confraternitatem
866 1685 920 1726 ad
960 1685 1184 1727 ecclesiam
1224 1690 1455 1728 conventus
1494 1686 1544 1727 fr.
1583 1685 1869 1728 Eremitarum

278 1754 325 1795 O.
352 1754 393 1796 S.
419 1755 524 1808 Aug.
551 1769 742 1810 congreg.
767 1756 1046 1815 Lombardiae
1082 1757 1326 1800 transferat.
1364 1757 1432 1799 Fr.
1471 1760 1540 1810 30,
1573 1772 1667 1800 cum
1698 1759 1868 1800 incertis

306 1828 357 1867 00
466 1861 474 1868 .

275 1827 320 1926 11ὶ.
341 1826 459 1935 aplius?
477 1893 525 1927 M.
545 1894 596 1929 M.
616 1894 682 1930 V11
700 1894 774 1929 kal.
795 1895 883 1938 Apr.
908 1897 990 1931 1712
1008 1895 1048 1930 Ρ.
1068 1906 1126 1929 an.
1147 1895 1245 1932 XIV.

1428 2007 1513 2050 Req.
1533 2006 1624 2041 bull.
1647 2006 1726 2042 VII.
1750 2009 1811 2041 124
1829 2007 1863 2040 b.

357 2127 426 2170 84.
462 2124 706 2167 Facultates
729 2139 1007 2168 concessae...
1046 2126 1093 2168 P.
1117 2125 1271 2168 Iacobo
1292 2125 1456 2168 Portier
1490 2125 1533 2168 S.
1554 2124 1589 2167 I.
1615 2139 1706 2179 sup.
1745 2125 1859 2166 miss.

273 2194 409 2236 eiusd.
433 2195 475 2237 S.
499 2196 543 2236 in
578 2195 727 2236 insulis
764 2194 895 2237 Maris
931 2195 1063 2249 Aegei
1098 2195 1276 2250 aliisque
1312 2195 1496 2237 Orientis
1526 2195 1731 2249 partibus.
1756 2220 1782 2227 -
1812 2196 1862 2237 In

273 2267 399 2308 solita
424 2266 691 2309 audientia...
717 2266 771 2308 ad
792 2267 1132 2321 quadriennium.
1157 2266 1259 2320 (cfr.
1284 2281 1327 2308 n.
1351 2269 1435 2320 56).
1455 2291 1481 2297 -
1501 2266 1536 2308 Ι.
1557 2266 1680 2309 Card.
1705 2266 1859 2320 Spada,

272 2337 307 2380 Ι.
331 2337 528 2380 Bartolus
549 2343 636 2380 not.

271 2403 312 2439 12¹.
333 2408 352 2440 4
369 2404 429 2439 dio
447 2406 488 2440 15
504 2405 598 2448 Aug.
620 2406 718 2440 1714.

1458 2509 1546 2553 Ray.
1565 2509 1653 2543 bula.
1683 2509 1762 2545 VII.
1785 2511 1858 2545 124.

351 2633 423 2676 85.
458 2634 642 2688 Expom‘
669 2633 798 2675 nobis
826 2646 975 2688 nuper
1001 2633 1125 2687 fecit.
1150 2655 1175 2661 -
1211 2629 1342 2672 Clem.
1376 2628 1437 2671 XI
1470 2629 1522 2671 ad
1557 2642 1700 2683 preces
1734 2628 1853 2670 Ioan.

271 2701 391 2754 Bapt.
415 2701 481 2743 tit.
507 2701 547 2744 S.
572 2701 777 2755 Stephani
798 2703 841 2742 in
864 2701 1007 2744 Monte
1029 2700 1170 2744 Coelio
1191 2702 1330 2756 presb.
1361 2700 1485 2743 Card.
1510 2701 1716 2743 Ptolemei
1751 2715 1856 2742 nun-

268 2773 412 2825 cupati
433 2806 442 2824 ,
484 2772 650 2814 abbatis
690 2773 1040 2815 commendatarii
1075 2772 1263 2815 moderni
1297 2772 1495 2815 abbatiae
1525 2773 1752 2813 saecularis
1782 2776 1857 2813 aut

267 2842 473 2896 regularis
502 2849 711 2885 conventu
747 2849 789 2885 et
810 2857 913 2885 cura
935 2845 1117 2886 carentis
1138 2843 1178 2886 S.
1201 2844 1315 2885 Petri
1336 2843 1387 2885 de
1409 2843 1564 2886 Gazolo
1586 2847 1856 2896 nuncupatae

266 2912 485 2956 Mantuan.
511 2914 643 2957 dioec.
668 2915 775 2958 hanc
809 2915 1025 2958 abbatiam
1056 2915 1208 2957 tribuit
1229 2915 1405 2969 collegio
1436 2914 1476 2957 S.
1501 2914 1536 2955 I.
1562 2913 1792 2956 Mantuano
1812 2914 1855 2954 in

266 2999 388 3027 usum
411 2993 454 3027 et
476 2986 783 3029 habitationem
806 2988 1018 3042 propriam
1053 2987 1320 3029 vacationum
1342 2991 1528 3040 tempore
1562 2990 1604 3027 et
1638 2984 1854 3027 convales-
