1989 3252
249 183 427 226 urban.
450 181 580 226 vm.
931 204 976 210 -
1008 181 1089 222 312
1117 203 1172 210 -
1510 149 1518 154 ’
1706 178 1836 222 1625.

250 268 339 320 rit„
375 267 648 309 Franciscum
683 265 894 320 Borgiam,
927 268 1100 309 tertium
1130 267 1281 320 Praep.
1319 264 1471 307 Gener.
1510 264 1552 307 S.
1590 264 1625 306 Ι.
1658 264 1838 306 Beatum

252 338 455 392 appellari
477 343 519 380 et
538 338 720 380 officium
742 352 791 379 ac
812 338 984 380 missam
1005 338 1057 380 de
1078 352 1127 380 eo
1148 337 1351 390 indulget.

253 406 293 439 R.
314 416 372 448 ap.
393 406 428 438 S.
448 405 498 438 M.
522 405 569 438 M.
589 405 712 440 XXIII
732 404 820 439 Nov.
842 407 927 440 1624
945 405 985 439 Ρ.
1006 416 1064 438 an.
1084 404 1128 440 II.

252 515 353 550 Ball.
374 516 482 549 Rom.
1390 513 1542 546 Elench.
1561 512 1649 545 bun.
1665 511 1718 554 (11
1738 512 1845 554 sept.)

337 627 405 670 27.
428 625 477 666 A.
497 624 543 666 P.
565 623 615 665 R.
637 623 695 665 M.
719 626 1008 667 Universalzs
1030 625 1257 666 Ecclesiae
1275 624 1510 677 reyimz'm‘.
1530 646 1555 651 —
1571 619 1843 662 Urban.VIII

254 696 420 749 collegii
454 696 709 737 Graecorum
746 695 905 736 Romae
942 707 967 735 a
987 693 1109 746 Greg.
1134 693 1239 735 XIII
1262 694 1406 745 erecti,
1429 706 1455 734 a
1474 691 1597 745 Grcg.
1621 691 1697 733 XV
1719 705 1844 733 curae

257 769 299 809 S.
323 767 357 809 I.
383 768 611 820 commissi,
635 767 958 808 constitutiones
980 779 1006 806 a
1026 779 1070 806 se
1103 766 1343 806 Protectore
1364 764 1405 806 d.
1430 763 1594 817 collegii
1615 763 1729 805 edita
1748 776 1845 804 auc-

255 841 428 881 toritate
447 844 584 892 apost.
608 837 846 880 confirmat.

257 905 298 939 R.
317 917 363 948 ap
397 904 433 940 S.
455 905 503 938 M.
528 905 575 938 Μ.
595 904 720 939 XXIII
738 905 827 938 Nov.
849 906 934 939 1624
952 903 996 938 P.
1015 914 1074 936 an.
1094 903 1138 938 ΙΙ.

256 1014 356 1049 Buta.
376 1015 421 1049 de
433 1025 594 1058 propay.
613 1013 688 1057 fide
705 1013 736 1047 I.
756 1014 799 1047 34
814 1030 858 1036 —
880 1011 978 1045 Ball.
1000 1011 1108 1046 Rom.

338 1143 409 1186 28.
447 1142 662 1198 Copiosus
699 1148 747 1184 2¹72
786 1141 1128 1183 misericordia.
1167 1162 1193 1168 -
1231 1135 1395 1178 Urban.
1435 1135 1556 1187 VIII,
1605 1134 1849 1190 petentibus

257 1212 469 1266 Leopoldo
491 1211 652 1254 archid.
675 1211 874 1252 Austriae
895 1214 938 1252 et
959 1209 1062 1251 eccl.
1087 1209 1357 1263 Argentinen.
1382 1212 1424 1249 et
1452 1207 1693 1249 Passavien.
1717 1206 1850 1248 admi-

258 1285 484 1326 nistratore
525 1287 743 1337 perpetuo,
787 1282 959 1324 officiali
1000 1282 1274 1334 Argentinen.
1318 1281 1490 1321 mandat
1528 1283 1575 1320 ut
1608 1293 1705 1320 cum
1750 1278 1846 1321 coll.

258 1356 521 1398 Salestadien
557 1354 874 1407 (Selcstadien.)
914 1354 1185 1407 Argentinen.
1226 1351 1360 1393 dioec.
1398 1365 1473 1404 per
1512 1351 1553 1392 d.
1591 1349 1850 1404 Leopoldum

257 1432 413 1480 erecto,
435 1429 557 1468 uniat
591 1427 897 1468 monasterium
934 1425 1012 1467 sub
1047 1424 1087 1466 S.
1112 1423 1232 1465 Fidei
1269 1423 1412 1475 titulo,
1443 1421 1485 1465 S.
1522 1422 1626 1464 Ben.
1660 1420 1758 1463 Ord.
1797 1420 1851 1462 ab

258 1500 481 1541 haereticis
501 1499 779 1541 destructum.
804 1498 875 1539 Fr.
901 1500 978 1539 100
1000 1497 1097 1539 duc.

255 1566 300 1601 R.
320 1578 378 1609 ap.
401 1566 437 1600 S.
460 1566 500 1600 P.
522 1565 595 1599 kal.
616 1565 720 1599 Febr.
746 1567 831 1600 1624
849 1565 889 1598 Ρ.
911 1576 970 1597 an.
989 1564 1022 1599 II

1444 1672 1532 1713 Rey.
1552 1671 1639 1704 emm
1666 1670 1706 1705 V.
1722 1672 1797 1705 251.
1819 1670 1852 1703 l).

341 1788 414 1831 ⁶29.
449 1785 498 1826 A.
524 1784 568 1826 P.
592 1783 643 1826 R.
668 1782 725 1824 M.
752 1788 971 1839 Emposcz'l
993 1785 1208 1826 debitwn.
1253 1806 1278 1812 -
1317 1779 1465 1822 Urban
1518 1778 1638 1831 VIII,
1685 1783 1854 1832 petente

254 1857 440 1899 Isabella
473 1856 598 1898 Clara
633 1855 846 1908 Eugeniae
884 1853 1016 1906 Belgii
1052 1853 1318 1907 principissa,
1350 1851 1603 1894 beneficium
1641 1864 1853 1892 annexum

258 1928 449 1982 capellae
471 1927 520 1968 B.
543 1926 593 1968 V.
618 1927 662 1967 in
682 1925 915 1979 parochiali
937 1924 1038 1966 eccl.
1064 1938 1163 1978 opp.
1186 1923 1400 1964 Hallensis
1420 1913 1693 1964 cameracen.
1718 1920 1852 1962 dioec.

258 2001 380 2052 sitae,
404 2000 448 2040 in
468 2012 552 2052 qua
586 1998 723 2051 imago
746 1997 793 2039 B.
820 1996 880 2038 M.
904 1995 955 2038 V.
981 1995 1198 2037 miraculis
1235 1994 1509 2036 celeberrima
1543 1996 1783 2034 asservatur
1812 1996 1854 2034 et

260 2071 526 2112 devotionem
562 2068 865 2110 confluentium
903 2081 976 2121 pro
1012 2067 1211 2108 missione
1244 2066 1384 2108 vocati
1418 2064 1541 2107 valde
1562 2069 1660 2105 ante
1694 2064 1856 2118 aliquot

262 2156 393 2184 annos
415 2142 656 2183 excitarunt
677 2140 912 2194 presbyteri
934 2139 975 2181 S.
996 2137 1050 2191 L,
1074 2153 1170 2179 cum
1192 2137 1289 2179 coll.
1313 2138 1352 2179 d.
1378 2137 1469 2179 Soc.
1495 2136 1548 2178 ab
1565 2149 1616 2178 ea
1636 2135 1695 2177 ibi
1716 2139 1856 2177 erecto

260 2220 408 2256 tenues
430 2212 620 2254 redditus
642 2211 825 2253 habente
847 2211 956 2262 unit,
976 2210 1288 2264 quamprimum
1307 2209 1345 2250 d,
1370 2208 1622 2250 beneficium
1643 2207 1859 2248 vacaverit

263 2300 337 2339 per
358 2299 522 2326 cessum
553 2284 683 2325 etiam
705 2297 757 2324 ex
789 2296 917 2324 causa
946 2282 1271 2336 permutationis
1295 2294 1369 2322 seu
1392 2280 1627 2332 decessum,
1652 2278 1858 2320 dimissio-

264 2371 361 2398 nem
383 2370 458 2398 seu
480 2355 692 2409 religionis
714 2355 950 2407 ingressum
973 2353 1138 2406 Aegidii
1175 2351 1322 2393 Ursini
1353 2351 1404 2393 de
1427 2351 1608 2392 Vivariis
1629 2350 1729 2391 cler.
1754 2349 1857 2391 Leo-

265 2429 376 2470 dien.
402 2433 445 2468 et
465 2428 507 2468 in
539 2432 719 2480 utraque
751 2426 967 2478 signatura
989 2425 1030 2466 S.
1056 2424 1177 2466 Pont.
1203 2422 1480 2465 referendarii
1501 2426 1544 2463 et
1564 2420 1796 2475 prodatarii
1816 2425 1859 2462 et

265 2499 399 2554 prael.
424 2498 658 2540 domestici.

268 2567 308 2601 R.
328 2579 386 2610 ap.
405 2566 440 2600 S.
462 2566 503 2600 P.
523 2564 589 2600 VII
608 2564 683 2598 kal.
705 2566 791 2607 Apr.
817 2565 897 2597 1624
918 2563 958 2597 Ρ.
980 2573 1039 2595 an.
1058 2561 1104 2597 II.

1495 2658 1585 2699 Ray.
1605 2656 1694 2690 bula.
1723 2656 1763 2691 V.
1786 2658 1858 2691 190.

352 2786 426 2829 30.
463 2785 534 2826 Ad
562 2782 879 2837 exequendum
911 2780 1181 2835 pastoralis.
1214 2802 1239 2807 -
1274 2776 1435 2818 Urban.
1473 2775 1593 2828 VIII,
1619 2775 1862 2829 petentibus

272 2855 484 2896 Ludovico
505 2866 600 2905 rege
622 2852 710 2892 chr.
735 2856 776 2891 et
807 2854 968 2890 rectore
998 2854 1042 2890 et
1072 2847 1361 2901 collegialibus
1390 2847 1485 2888 coll.
1511 2847 1551 2888 S.
1576 2846 1610 2888 Ι.
1635 2846 1858 2897 Parisien.,

272 2926 447 2967 mandat
468 2923 637 2972 officiali
670 2920 975 2973 Burdigallen.,
1000 2933 1048 2960 eo
1080 2918 1191 2972 quod
1213 2918 1460 2959 Ordinarius
1480 2917 1764 2970 Engolismen.
1789 2916 1858 2958 dd.

273 2997 424 3039 rectori
445 2999 488 3036 et
508 2994 655 3045 colleg.
680 2992 802 3032 iustis
824 2991 874 3032 de
896 2990 1036 3031 causis
1057 2993 1274 3043 suspectus
1307 2994 1385 3049 est,
1409 2993 1456 3030 ut
1487 2988 1788 3030 monasterium
1811 2987 1861 3028 de
