1989 3252
276 237 454 284 Bened.
478 236 607 281 XIV.
959 262 1014 268 -
1041 238 1125 279 474
1153 262 1207 270 -
1741 240 1869 285 1751.

365 325 439 368 48.
472 323 525 365 A.
547 322 595 365 P.
628 322 680 365 R.
714 322 771 366 M.
797 331 983 382 Exponz’
1001 328 1132 370 nobis
1150 341 1315 384 nuper.
1353 352 1379 358 -
1413 327 1515 368 Ben.
1553 324 1668 378 XIV,
1704 329 1874 379 petente

281 394 463 448 Iosepho
486 393 536 436 de
558 393 667 436 Lara
688 395 728 437 S.
753 395 789 437 Ι.
809 396 1079 437 assistentiae
1098 396 1218 449 Hisp.
1238 397 1279 437 in
1300 396 1417 439 Urbe
1433 402 1718 451 procuratore,
1736 396 1874 438 indul-

280 466 446 519 gentias
481 479 555 520 pro
591 466 824 509 christiana
862 467 1054 509 doctrina
1089 481 1114 508 a
1151 467 1274 520 Greg.
1299 467 1375 509 XV
1412 482 1485 522 per
1518 468 1652 511 Breve
1685 469 1737 510 27
1758 468 1870 522 Sept.

285 538 391 579 1622
428 535 533 590 (Cfr.
557 537 679 591 Greg.
703 537 797 590 XV,
820 553 862 580 n.
887 541 959 592 40)
981 553 1204 581 concessas
1234 539 1458 582 confirmat
1486 555 1561 595 pro
1593 540 1714 595 Hisp.
1737 541 1876 593 regnis

281 612 326 650 et
355 608 572 650 Indiarum
609 609 819 663 partibus,
843 611 904 651 ita
939 614 986 651 ut
1021 609 1235 652 Ordinarii
1271 611 1384 653 diem
1419 612 1574 654 festum
1607 625 1681 666 pro
1716 611 1875 664 indulg.

284 680 486 722 lucranda
519 681 563 721 in
597 681 797 722 feriatum
828 686 1089 724 commutare
1125 687 1167 723 et
1200 682 1328 724 aliam
1364 683 1585 726 ecclesiam
1620 697 1746 738 quam
1785 696 1876 724 eam

286 751 360 793 ubi
381 751 565 793 traditur
584 751 776 794 doctrina
797 752 1015 806 designare
1037 754 1213 807 possint.

284 818 328 853 R.
349 829 406 861 ap.
430 818 466 852 S.
488 818 537 851 M.
557 819 607 853 M.
627 818 694 854 VH
715 822 808 863 Aug.
831 822 914 855 1751
934 819 975 854 Ρ.
994 831 1052 853 an.
1073 820 1136 855 ΧΙ.

284 938 384 972 Bull.
404 939 523 983 depr.
544 940 572 983 f.
590 938 667 979 III,
682 950 721 981 p.
740 942 819 974 459.

368 1060 443 1104 49.
479 1062 735 1104 Praeclara
755 1062 1086 1117 reliyz'osarum
1107 1063 1344 1105 virtutum.
1379 1085 1404 1091 -
1438 1060 1542 1103 Ben.
1585 1059 1684 1102 XIV
1718 1060 1883 1115 Ignatio

288 1129 553 1183 Vicecomiti,
578 1130 729 1184 Praep.
753 1130 857 1173 Gen.
883 1130 925 1173 S.
950 1130 986 1172 Ι.
1019 1131 1070 1172 de
1106 1145 1281 1174 munere
1316 1145 1391 1185 per
1424 1131 1648 1174 concordia
1683 1130 1883 1185 suffragia

289 1200 543 1244 demandato
563 1201 816 1256 gratulatus,
840 1207 1012 1256 petente
1034 1202 1243 1257 Archang.
1269 1202 1320 1245 de
1341 1203 1499 1257 Origny
1520 1203 1561 1259 S.
1581 1203 1616 1245 Ι.
1636 1204 1882 1246 missionum

289 1286 406 1326 prov,
431 1274 601 1315 Goanae
622 1278 913 1327 procuratore,
936 1274 1130 1316 concedit
1159 1275 1202 1316 in
1223 1275 1465 1328 regionibus
1495 1275 1652 1316 nullius
1682 1275 1883 1317 antistitis

288 1348 362 1387 aut
380 1345 462 1387 vic.
486 1349 621 1399 apost.
647 1345 928 1387 iurisdictioni
951 1346 1165 1399 subiectis,
1190 1351 1263 1388 aut
1293 1347 1419 1388 nimis
1440 1347 1695 1389 distantibus
1720 1346 1881 1400 (Mays-

289 1430 377 1468 sur,
402 1416 686 1470 Fluminibus)
709 1416 959 1459 facultatem
986 1431 1062 1471 pro
1093 1418 1380 1472 superioribus
1410 1419 1655 1460 missionum
1685 1418 1885 1460 adminis-

290 1487 431 1530 trandi
452 1489 496 1530 in
517 1489 665 1531 mortis
685 1489 864 1531 articulo
885 1494 1201 1533 sacramentum
1220 1490 1568 1533 confirmationis.

292 1555 335 1590 R.
355 1567 413 1597 ap.
435 1554 473 1590 S.
491 1555 542 1592 Μ.
564 1555 613 1589 Μ.
636 1556 716 1591 VIII
734 1555 834 1598 Sept.
857 1558 940 1591 1751
960 1556 1002 1590 P.
1022 1568 1080 1590 an.
1099 1556 1178 1591 XII.

296 1674 397 1707 Bull.
416 1674 462 1708 de
478 1685 536 1715 pr.
557 1674 585 1717 f.
605 1675 673 1709 ΙΙΙ.
695 1677 770 1710 461.

374 1794 450 1839 50.
486 1799 579 1840 Quo
599 1796 694 1841 cibe,
717 1795 876 1837 dilecte
895 1796 976 1847 fill.
1024 1819 1049 1825 -
1101 1793 1202 1836 Ben.
1256 1793 1369 1836 XIV.
1423 1794 1586 1849 Ignatio
1640 1795 1888 1837 Vicecomiti

297 1864 449 1918 Praep.
474 1862 579 1906 Gen.
604 1862 644 1906 S.
670 1863 725 1916 I.,
748 1869 919 1918 petente
939 1879 1014 1918 pro
1037 1866 1179 1919 congr.
1205 1867 1424 1921 utriusque
1445 1880 1570 1908 sexus
1591 1867 1643 1909 de
1672 1868 1889 1921 poeniten-

297 1937 359 1978 tia
379 1936 681 1978 Panormitana
705 1935 832 1989 Vesp.
858 1936 1039 1990 Trigona
1074 1937 1114 1980 d.
1140 1937 1201 1990 S.,
1239 1938 1486 1981 facultatem
1522 1939 1715 1981 concedit
1748 1952 1890 1992 aggre-

297 2007 423 2061 gandi
458 2007 772 2061 congregationi
807 2008 934 2049 Prim.
958 2007 1007 2050 B.
1047 2008 1103 2051 M.
1142 2008 1194 2051 V.
1234 2010 1341 2052 alias
1376 2024 1663 2065 quascumque
1696 2024 1887 2063 congreg.

299 2079 524 2134 utriusque
544 2093 671 2121 sexus
692 2080 735 2121 in
757 2079 946 2122 ecclesiis
967 2080 1009 2123 S.
1034 2080 1067 2122 Ι.
1093 2085 1271 2123 erectas.

297 2145 340 2180 R..
363 2156 421 2188 ap.
442 2145 478 2181 S.
500 2145 551 2180 M.
571 2146 619 2179 M.
641 2145 724 2181 VIII
743 2146 843 2189 Sept.
866 2149 946 2180 1751
968 2147 1009 2181 P.
1029 2158 1088 2181 an.
1109 2148 1190 2184 XII.

300 2253 394 2288 Nov.
414 2254 504 2288 hall.
524 2254 558 2288 S.
575 2254 603 2289 I.
624 2256 699 2290 297.

385 2376 456 2420 51.
494 2381 591 2418 Non
612 2377 760 2418 solum
781 2381 988 2432 propter.
1011 2401 1036 2407 —
1052 2376 1156 2418 Ben.
1178 2375 1278 2418 XIV
1300 2376 1464 2431 Ignatio
1481 2377 1728 2421 Vicecomiti
1745 2379 1893 2432 Praep.

305 2445 410 2487 Gen.
453 2445 492 2487 S.
533 2445 567 2487 I.
605 2446 862 2498 gratulatus,
899 2452 1070 2500 petente
1118 2448 1269 2490 Carolo
1313 2448 1526 2491 Brentano
1565 2451 1805 2504 provinciae
1848 2464 1898 2492 ac

306 2517 600 2570 praefecturae
622 2516 836 2567 Quitensis
858 2518 901 2558 in
924 2518 1123 2561 America
1143 2525 1432 2574 procuratore,
1455 2522 1648 2564 concedit
1677 2523 1896 2564 missiona-

308 2588 380 2629 riis
401 2587 444 2631 S.
468 2587 501 2630 I.
528 2588 777 2630 facultatem
801 2589 923 2630 iuxta
946 2590 1131 2643 modum,
1154 2592 1397 2634 conferendi
1417 2599 1729 2635 sacramentum
1751 2593 1899 2636 confir-

310 2660 522 2712 mationis,
545 2659 816 2713 dispensandi
841 2675 966 2714 super
986 2661 1123 2703 tribus
1144 2663 1546 2716 proclamationibus
1567 2673 1665 2708 ante
1687 2666 1899 2707 matrimo-

309 2732 427 2773 nium
446 2729 537 2773 fieri
569 2731 718 2783 solitis,
756 2738 796 2773 et
831 2733 1028 2774 omnibus
1066 2733 1354 2777 sacerdotibus
1389 2735 1429 2778 d.
1468 2738 1679 2779 missionis
1713 2737 1902 2791 indulget

311 2802 465 2844 festum
501 2801 862 2845 praesentationis
897 2803 945 2845 B.
986 2804 1044 2846 M.
1087 2804 1137 2846 V.
1176 2805 1254 2848 sub
1289 2808 1372 2848 ritu
1394 2807 1509 2862 dupl.
1534 2822 1617 2850 sec.
1641 2809 1786 2850 classis
1806 2823 1901 2851 cum

311 2878 472 2916 octava.

314 2940 353 2974 R.
373 2951 432 2983 ap.
454 2939 491 2975 S.
511 2940 559 2974 M.
583 2940 630 2974 Μ.
652 2940 735 2976 VIII
753 2940 851 2984 Sept.
879 2944 957 2976 1751
977 2942 1015 2975 P.
1035 2953 1094 2976 an.
1115 2943 1198 2978 ΧΙΙ.

316 3059 413 3094 Bull.
434 3060 478 3094 de
493 3072 551 3104 pr.
572 3062 597 3104 f.
619 3061 686 3096 III.
708 3063 783 3095 463.
