<?xml version="1.0" encoding="UTF-8"?>
<!DOCTYPE html PUBLIC "-//W3C//DTD XHTML 1.0 Transitional//EN"
    "http://www.w3.org/TR/xhtml1/DTD/xhtml1-transitional.dtd">
<html xmlns="http://www.w3.org/1999/xhtml" xml:lang="en" lang="en">
 <head>
  <title>
</title>
<meta http-equiv="Content-Type" content="text/html;charset=utf-8" />
  <meta name='ocr-system' content='tesseract 3.04.00' />
  <meta name='ocr-capabilities' content='ocr_page ocr_carea ocr_par ocr_line ocrx_word'/>
</head>
<body>
  <div class='ocr_page' id='page_1' title='image "./synopsisactorums02delp_0293.png"; bbox 0 0 1989 3252; ppageno 0'>
   <div class='ocr_carea' id='block_1_1' title="bbox 141 200 1713 249">
    <p class='ocr_par' dir='ltr' id='par_1_1' title="bbox 141 200 1713 249">
     <span class='ocr_line' id='line_1_1' title="bbox 141 200 1713 249; baseline -0.006 0"><span class='ocrx_word' id='word_1_1' title='bbox 141 205 218 249; x_wconf 78' lang='lat' dir='ltr'>Pu</span> <span class='ocrx_word' id='word_1_2' title='bbox 237 204 316 248; x_wconf 89' lang='lat' dir='ltr'>VI.</span> <span class='ocrx_word' id='word_1_3' title='bbox 804 224 860 231; x_wconf 90' lang='lat'>—</span> <span class='ocrx_word' id='word_1_4' title='bbox 886 202 966 242; x_wconf 86' lang='lat'>507</span> <span class='ocrx_word' id='word_1_5' title='bbox 995 226 1049 232; x_wconf 92' lang='lat'>—</span> <span class='ocrx_word' id='word_1_6' title='bbox 1592 200 1713 244; x_wconf 70' lang='lat'><strong>1779.</strong></span> 
     </span>
    </p>
   </div>
   <div class='ocr_carea' id='block_1_2' title="bbox 141 285 1718 341">
    <p class='ocr_par' dir='ltr' id='par_1_2' title="bbox 141 285 1718 341">
     <span class='ocr_line' id='line_1_2' title="bbox 141 285 1718 341; baseline -0.003 -10"><span class='ocrx_word' id='word_1_7' title='bbox 141 289 353 332; x_wconf 88' lang='lat' dir='ltr'>ordinaria</span> <span class='ocrx_word' id='word_1_8' title='bbox 387 287 620 330; x_wconf 87' lang='lat' dir='ltr'>iurisdictio</span> <span class='ocrx_word' id='word_1_9' title='bbox 655 301 780 340; x_wconf 91' lang='lat' dir='ltr'>super</span> <span class='ocrx_word' id='word_1_10' title='bbox 813 287 1090 341; x_wconf 81' lang='lat' dir='ltr'>regularibus,</span> <span class='ocrx_word' id='word_1_11' title='bbox 1127 288 1460 341; x_wconf 89' lang='lat' dir='ltr'>quibuscumque</span> <span class='ocrx_word' id='word_1_12' title='bbox 1498 285 1718 326; x_wconf 75' lang='lat' dir='ltr'>contrariis</span> 
     </span>
    </p>
   </div>
   <div class='ocr_carea' id='block_1_3' title="bbox 140 357 1544 467">
    <p class='ocr_par' dir='ltr' id='par_1_3' title="bbox 140 357 1544 467">
     <span class='ocr_line' id='line_1_3' title="bbox 140 357 1544 411; baseline -0.004 -9"><span class='ocrx_word' id='word_1_13' title='bbox 140 374 222 402; x_wconf 90' lang='lat' dir='ltr'>non</span> <span class='ocrx_word' id='word_1_14' title='bbox 242 359 520 402; x_wconf 77' lang='lat' dir='ltr'>obstantibus.</span> <span class='ocrx_word' id='word_1_15' title='bbox 543 384 568 389; x_wconf 99' lang='lat'><strong>—</strong></span> <span class='ocrx_word' id='word_1_16' title='bbox 589 358 717 411; x_wconf 86' lang='lat' dir='ltr'>Steph</span> <span class='ocrx_word' id='word_1_17' title='bbox 757 358 908 411; x_wconf 84' lang='lat' dir='ltr'>Borgia</span> <span class='ocrx_word' id='word_1_18' title='bbox 927 357 1040 410; x_wconf 86' lang='lat' dir='ltr'>Cong</span> <span class='ocrx_word' id='word_1_19' title='bbox 1079 358 1129 399; x_wconf 87' lang='lat' dir='ltr'>de</span> <span class='ocrx_word' id='word_1_20' title='bbox 1151 371 1267 411; x_wconf 90' lang='lat' dir='ltr'>prop.</span> <span class='ocrx_word' id='word_1_21' title='bbox 1293 357 1374 397; x_wconf 82' lang='lat' dir='ltr'>fide</span> <span class='ocrx_word' id='word_1_22' title='bbox 1396 361 1544 398; x_wconf 89' lang='lat' dir='ltr'>secret.</span> 
     </span>
     <span class='ocr_line' id='line_1_4' title="bbox 142 424 1125 467; baseline -0.002 -7"><span class='ocrx_word' id='word_1_23' title='bbox 142 426 194 460; x_wconf 88' lang='lat' dir='ltr'>Ex</span> <span class='ocrx_word' id='word_1_24' title='bbox 212 426 332 460; x_wconf 83' lang='lat' dir='ltr'>aedib.</span> <span class='ocrx_word' id='word_1_25' title='bbox 352 426 484 467; x_wconf 83' lang='lat' dir='ltr'>Congr.</span> <span class='ocrx_word' id='word_1_26' title='bbox 505 426 549 458; x_wconf 81' lang='lat' dir='ltr'>de</span> <span class='ocrx_word' id='word_1_27' title='bbox 568 435 666 467; x_wconf 83' lang='lat' dir='ltr'>prop.</span> <span class='ocrx_word' id='word_1_28' title='bbox 687 424 758 458; x_wconf 88' lang='lat' dir='ltr'>fide</span> <span class='ocrx_word' id='word_1_29' title='bbox 775 425 808 459; x_wconf 86' lang='lat' dir='ltr'>d.</span> <span class='ocrx_word' id='word_1_30' title='bbox 828 424 893 458; x_wconf 90' lang='lat' dir='ltr'>XV</span> <span class='ocrx_word' id='word_1_31' title='bbox 916 425 1008 467; x_wconf 83' lang='lat' dir='ltr'>Aug.</span> <span class='ocrx_word' id='word_1_32' title='bbox 1028 427 1125 459; x_wconf 83' lang='lat'><strong>1778.</strong></span> 
     </span>
    </p>
   </div>
   <div class='ocr_carea' id='block_1_4' title="bbox 1342 530 1722 573">
    <p class='ocr_par' dir='ltr' id='par_1_4' title="bbox 1342 530 1722 573">
     <span class='ocr_line' id='line_1_5' title="bbox 1342 530 1722 573; baseline -0.003 -8"><span class='ocrx_word' id='word_1_33' title='bbox 1342 531 1454 565; x_wconf 82' lang='lat' dir='ltr'>Arch.</span> <span class='ocrx_word' id='word_1_34' title='bbox 1472 541 1556 573; x_wconf 68' lang='lat' dir='ltr'>qen.</span> <span class='ocrx_word' id='word_1_35' title='bbox 1575 530 1608 564; x_wconf 88' lang='lat' dir='ltr'>S.</span> <span class='ocrx_word' id='word_1_36' title='bbox 1629 531 1658 565; x_wconf 93' lang='lat' dir='ltr'>I.</span> <span class='ocrx_word' id='word_1_37' title='bbox 1677 531 1722 571; x_wconf 94' lang='grc'>(1)</span> 
     </span>
    </p>
   </div>
   <div class='ocr_carea' id='block_1_5' title="bbox 144 637 1725 1118">
    <p class='ocr_par' dir='ltr' id='par_1_5' title="bbox 144 637 1725 1118">
     <span class='ocr_line' id='line_1_6' title="bbox 227 637 1718 694; baseline -0.001 -12"><span class='ocrx_word' id='word_1_38' title='bbox 227 643 269 686; x_wconf 77' lang='grc'>2.</span> <span class='ocrx_word' id='word_1_39' title='bbox 302 641 352 682; x_wconf 92' lang='lat' dir='ltr'>A.</span> <span class='ocrx_word' id='word_1_40' title='bbox 377 640 423 682; x_wconf 92' lang='lat' dir='ltr'>P.</span> <span class='ocrx_word' id='word_1_41' title='bbox 448 640 497 681; x_wconf 88' lang='lat' dir='ltr'>R.</span> <span class='ocrx_word' id='word_1_42' title='bbox 522 639 578 681; x_wconf 90' lang='lat' dir='ltr'>M.</span> <span class='ocrx_word' id='word_1_43' title='bbox 606 642 822 684; x_wconf 69' lang='lat' dir='ltr'>Catholici</span> <span class='ocrx_word' id='word_1_44' title='bbox 838 642 1091 694; x_wconf 72' lang='lat' dir='ltr'>praesules.</span> <span class='ocrx_word' id='word_1_45' title='bbox 1113 663 1138 669; x_wconf 92' lang='lat'>-</span> <span class='ocrx_word' id='word_1_46' title='bbox 1159 638 1259 680; x_wconf 89' lang='lat' dir='ltr'>Pius</span> <span class='ocrx_word' id='word_1_47' title='bbox 1281 638 1355 690; x_wconf 90' lang='lat' dir='ltr'>VI,</span> <span class='ocrx_word' id='word_1_48' title='bbox 1378 643 1547 692; x_wconf 90' lang='lat' dir='ltr'>petente</span> <span class='ocrx_word' id='word_1_49' title='bbox 1569 637 1718 680; x_wconf 89' lang='lat' dir='ltr'>Franc.</span> 
     </span>
     <span class='ocr_line' id='line_1_7' title="bbox 144 709 1721 763; baseline -0.002 -10"><span class='ocrx_word' id='word_1_50' title='bbox 144 712 240 753; x_wconf 89' lang='lat' dir='ltr'>Car.</span> <span class='ocrx_word' id='word_1_51' title='bbox 265 713 417 753; x_wconf 85' lang='lat' dir='ltr'>comite</span> <span class='ocrx_word' id='word_1_52' title='bbox 452 711 503 752; x_wconf 89' lang='lat' dir='ltr'>de</span> <span class='ocrx_word' id='word_1_53' title='bbox 541 710 769 762; x_wconf 81' lang='lat' dir='ltr'>Velbmck,</span> <span class='ocrx_word' id='word_1_54' title='bbox 793 710 988 763; x_wconf 89' lang='lat' dir='ltr'>episcopo</span> <span class='ocrx_word' id='word_1_55' title='bbox 1009 714 1051 751; x_wconf 85' lang='lat' dir='ltr'>ct</span> <span class='ocrx_word' id='word_1_56' title='bbox 1085 710 1236 750; x_wconf 87' lang='lat' dir='ltr'>comite</span> <span class='ocrx_word' id='word_1_57' title='bbox 1257 709 1472 759; x_wconf 88' lang='lat' dir='ltr'>Leodien.‚</span> <span class='ocrx_word' id='word_1_58' title='bbox 1495 709 1721 750; x_wconf 88' lang='lat' dir='ltr'>seminario</span> 
     </span>
     <span class='ocr_line' id='line_1_8' title="bbox 145 779 1722 836; baseline -0.002 -12"><span class='ocrx_word' id='word_1_59' title='bbox 145 783 355 824; x_wconf 87' lang='lat' dir='ltr'>missionis</span> <span class='ocrx_word' id='word_1_60' title='bbox 376 796 450 836; x_wconf 92' lang='lat' dir='ltr'>pro</span> <span class='ocrx_word' id='word_1_61' title='bbox 484 782 704 823; x_wconf 81' lang='lat' dir='ltr'>catholicis</span> <span class='ocrx_word' id='word_1_62' title='bbox 740 781 987 823; x_wconf 85' lang='lat' dir='ltr'>britannicis</span> <span class='ocrx_word' id='word_1_63' title='bbox 1023 795 1048 822; x_wconf 88' lang='lat' dir='ltr'>a</span> <span class='ocrx_word' id='word_1_64' title='bbox 1068 780 1359 822; x_wconf 84' lang='lat' dir='ltr'>Maximiliano</span> <span class='ocrx_word' id='word_1_65' title='bbox 1380 779 1484 821; x_wconf 89' lang='lat' dir='ltr'>duee</span> <span class='ocrx_word' id='word_1_66' title='bbox 1519 780 1722 821; x_wconf 86' lang='lat' dir='ltr'>Bavariae</span> 
     </span>
     <span class='ocr_line' id='line_1_9' title="bbox 146 851 1723 905; baseline -0.003 -10"><span class='ocrx_word' id='word_1_67' title='bbox 146 867 254 895; x_wconf 87' lang='lat' dir='ltr'>anno</span> <span class='ocrx_word' id='word_1_68' title='bbox 292 856 396 895; x_wconf 82' lang='lat'>1625</span> <span class='ocrx_word' id='word_1_69' title='bbox 432 853 509 894; x_wconf 91' lang='lat' dir='ltr'>sub</span> <span class='ocrx_word' id='word_1_70' title='bbox 531 866 632 894; x_wconf 88' lang='lat' dir='ltr'>cura</span> <span class='ocrx_word' id='word_1_71' title='bbox 667 852 1005 905; x_wconf 86' lang='lat' dir='ltr'>presbyterorum</span> <span class='ocrx_word' id='word_1_72' title='bbox 1040 851 1173 904; x_wconf 90' lang='lat' dir='ltr'>regul.</span> <span class='ocrx_word' id='word_1_73' title='bbox 1212 852 1253 893; x_wconf 88' lang='lat' dir='ltr'>S.</span> <span class='ocrx_word' id='word_1_74' title='bbox 1291 851 1324 893; x_wconf 94' lang='lat' dir='ltr'>I.</span> <span class='ocrx_word' id='word_1_75' title='bbox 1364 851 1510 892; x_wconf 88' lang='lat' dir='ltr'>Leodii</span> <span class='ocrx_word' id='word_1_76' title='bbox 1549 851 1723 892; x_wconf 88' lang='lat' dir='ltr'>fundato</span> 
     </span>
     <span class='ocr_line' id='line_1_10' title="bbox 145 921 1725 977; baseline -0.003 -11"><span class='ocrx_word' id='word_1_77' title='bbox 145 924 365 967; x_wconf 86' lang='lat' dir='ltr'>consulens</span> <span class='ocrx_word' id='word_1_78' title='bbox 395 928 489 977; x_wconf 89' lang='lat' dir='ltr'>post</span> <span class='ocrx_word' id='word_1_79' title='bbox 522 937 788 977; x_wconf 83' lang='lat' dir='ltr'>suppressam</span> <span class='ocrx_word' id='word_1_80' title='bbox 818 923 859 964; x_wconf 84' lang='lat' dir='ltr'>S.</span> <span class='ocrx_word' id='word_1_81' title='bbox 893 923 946 973; x_wconf 88' lang='lat'>1.‚</span> <span class='ocrx_word' id='word_1_82' title='bbox 970 921 1237 964; x_wconf 85' lang='lat' dir='ltr'>efformatum</span> <span class='ocrx_word' id='word_1_83' title='bbox 1257 922 1301 963; x_wconf 91' lang='lat' dir='ltr'>in</span> <span class='ocrx_word' id='word_1_84' title='bbox 1335 922 1456 963; x_wconf 90' lang='lat' dir='ltr'>domo</span> <span class='ocrx_word' id='word_1_85' title='bbox 1487 921 1527 962; x_wconf 82' lang='lat' dir='ltr'>d.</span> <span class='ocrx_word' id='word_1_86' title='bbox 1560 921 1725 974; x_wconf 88' lang='lat' dir='ltr'>collegii</span> 
     </span>
     <span class='ocr_line' id='line_1_11' title="bbox 145 993 1725 1047; baseline -0.003 -10"><span class='ocrx_word' id='word_1_87' title='bbox 145 1009 298 1038; x_wconf 89' lang='lat' dir='ltr'>novum</span> <span class='ocrx_word' id='word_1_88' title='bbox 340 995 523 1036; x_wconf 90' lang='lat' dir='ltr'>instituti</span> <span class='ocrx_word' id='word_1_89' title='bbox 561 1007 706 1047; x_wconf 86' lang='lat' dir='ltr'>genus,</span> <span class='ocrx_word' id='word_1_90' title='bbox 749 994 879 1035; x_wconf 82' lang='lat' dir='ltr'>veluti</span> <span class='ocrx_word' id='word_1_91' title='bbox 914 993 1137 1047; x_wconf 86' lang='lat' dir='ltr'>quamdam</span> <span class='ocrx_word' id='word_1_92' title='bbox 1175 994 1446 1046; x_wconf 84' lang='lat' dir='ltr'>propaginem</span> <span class='ocrx_word' id='word_1_93' title='bbox 1486 993 1725 1046; x_wconf 78' lang='lat' dir='ltr'>primaevae</span> 
     </span>
     <span class='ocr_line' id='line_1_12' title="bbox 145 1062 1724 1118; baseline -0.003 -10"><span class='ocrx_word' id='word_1_94' title='bbox 145 1067 370 1118; x_wconf 84' lang='lat' dir='ltr'>missionis,</span> <span class='ocrx_word' id='word_1_95' title='bbox 407 1065 642 1116; x_wconf 84' lang='lat' dir='ltr'>confirmat,</span> <span class='ocrx_word' id='word_1_96' title='bbox 680 1065 759 1118; x_wconf 91' lang='lat' dir='ltr'>ipsi</span> <span class='ocrx_word' id='word_1_97' title='bbox 787 1064 911 1106; x_wconf 85' lang='lat' dir='ltr'>aedes</span> <span class='ocrx_word' id='word_1_98' title='bbox 942 1078 990 1105; x_wconf 87' lang='lat' dir='ltr'>ac</span> <span class='ocrx_word' id='word_1_99' title='bbox 1012 1064 1270 1117; x_wconf 90' lang='lat' dir='ltr'>praediolum</span> <span class='ocrx_word' id='word_1_100' title='bbox 1301 1077 1430 1117; x_wconf 88' lang='lat' dir='ltr'>prope</span> <span class='ocrx_word' id='word_1_101' title='bbox 1450 1062 1724 1105; x_wconf 76' lang='lat' dir='ltr'>Chevremonl</span> 
     </span>
    </p>
   </div>
   <div class='ocr_carea' id='block_1_6' title="bbox 148 1134 1518 1246">
    <p class='ocr_par' dir='ltr' id='par_1_6' title="bbox 148 1134 1518 1246">
     <span class='ocr_line' id='line_1_13' title="bbox 149 1134 1518 1191; baseline -0.002 -13"><span class='ocrx_word' id='word_1_102' title='bbox 149 1151 256 1191; x_wconf 88' lang='lat' dir='ltr'>quae</span> <span class='ocrx_word' id='word_1_103' title='bbox 293 1141 419 1178; x_wconf 89' lang='lat' dir='ltr'>antea</span> <span class='ocrx_word' id='word_1_104' title='bbox 439 1136 492 1177; x_wconf 89' lang='lat' dir='ltr'>ad</span> <span class='ocrx_word' id='word_1_105' title='bbox 514 1136 747 1190; x_wconf 85' lang='lat' dir='ltr'>praefatum</span> <span class='ocrx_word' id='word_1_106' title='bbox 769 1135 989 1189; x_wconf 81' lang='lat' dir='ltr'>collegium</span> <span class='ocrx_word' id='word_1_107' title='bbox 1012 1135 1294 1189; x_wconf 84' lang='lat' dir='ltr'>pertinebant,</span> <span class='ocrx_word' id='word_1_108' title='bbox 1317 1134 1518 1188; x_wconf 87' lang='lat' dir='ltr'>applicat.</span> 
     </span>
     <span class='ocr_line' id='line_1_14' title="bbox 148 1201 1108 1246; baseline -0.002 -8"><span class='ocrx_word' id='word_1_109' title='bbox 148 1203 191 1238; x_wconf 88' lang='lat' dir='ltr'>R.</span> <span class='ocrx_word' id='word_1_110' title='bbox 211 1214 268 1246; x_wconf 86' lang='lat' dir='ltr'>ap.</span> <span class='ocrx_word' id='word_1_111' title='bbox 289 1203 325 1237; x_wconf 87' lang='lat' dir='ltr'>S.</span> <span class='ocrx_word' id='word_1_112' title='bbox 345 1203 395 1238; x_wconf 93' lang='lat' dir='ltr'>M.</span> <span class='ocrx_word' id='word_1_113' title='bbox 415 1203 466 1237; x_wconf 88' lang='lat' dir='ltr'>M.</span> <span class='ocrx_word' id='word_1_114' title='bbox 486 1202 590 1237; x_wconf 84' lang='lat' dir='ltr'>XVII</span> <span class='ocrx_word' id='word_1_115' title='bbox 607 1201 682 1236; x_wconf 81' lang='lat' dir='ltr'>kal.</span> <span class='ocrx_word' id='word_1_116' title='bbox 704 1202 782 1237; x_wconf 85' lang='lat' dir='ltr'>Oct.</span> <span class='ocrx_word' id='word_1_117' title='bbox 808 1204 888 1237; x_wconf 84' lang='lat'>1778</span> <span class='ocrx_word' id='word_1_118' title='bbox 907 1202 947 1237; x_wconf 81' lang='lat' dir='ltr'>P.</span> <span class='ocrx_word' id='word_1_119' title='bbox 967 1213 1026 1237; x_wconf 86' lang='lat' dir='ltr'>an.</span> <span class='ocrx_word' id='word_1_120' title='bbox 1045 1202 1108 1237; x_wconf 93' lang='lat' dir='ltr'>IV.</span> 
     </span>
    </p>
   </div>
   <div class='ocr_carea' id='block_1_7' title="bbox 151 1319 1728 1366">
    <p class='ocr_par' dir='ltr' id='par_1_7' title="bbox 151 1319 1728 1366">
     <span class='ocr_line' id='line_1_15' title="bbox 151 1319 1728 1366; baseline -0.005 -9"><span class='ocrx_word' id='word_1_121' title='bbox 151 1323 239 1366; x_wconf 74' lang='lat' dir='ltr'>Typ.</span> <span class='ocrx_word' id='word_1_122' title='bbox 258 1331 400 1366; x_wconf 75' lang='lat' dir='ltr'>exemp.</span> <span class='ocrx_word' id='word_1_123' title='bbox 419 1321 530 1361; x_wconf 61' lang='grc' dir='ltr'>ἱππ-12,</span> <span class='ocrx_word' id='word_1_124' title='bbox 550 1324 633 1364; x_wconf 84' lang='lat' dir='ltr'>pp.7</span> <span class='ocrx_word' id='word_1_125' title='bbox 649 1319 884 1364; x_wconf 73' lang='lat' dir='ltr'>(Stonyhurst</span> <span class='ocrx_word' id='word_1_126' title='bbox 904 1320 982 1359; x_wconf 57' lang='grc' dir='ltr'>ΡΑ,</span> <span class='ocrx_word' id='word_1_127' title='bbox 1002 1322 1166 1360; x_wconf 80' lang='lat' dir='ltr'>19,n.12&gt;.</span> <span class='ocrx_word' id='word_1_128' title='bbox 1181 1320 1292 1353; x_wconf 82' lang='lat' dir='ltr'>Arch.</span> <span class='ocrx_word' id='word_1_129' title='bbox 1314 1319 1549 1362; x_wconf 79' lang='lat' dir='ltr'>Stonyhurst,</span> <span class='ocrx_word' id='word_1_130' title='bbox 1567 1319 1728 1350; x_wconf 74' lang='lat' dir='ltr'>authent.</span> 
     </span>
    </p>
   </div>
   <div class='ocr_carea' id='block_1_8' title="bbox 148 1435 1735 1991">
    <p class='ocr_par' dir='ltr' id='par_1_8' title="bbox 148 1435 1735 1991">
     <span class='ocr_line' id='line_1_16' title="bbox 229 1435 1730 1492; baseline -0.004 -9"><span class='ocrx_word' id='word_1_131' title='bbox 229 1443 271 1486; x_wconf 82' lang='lat'>3.</span> <span class='ocrx_word' id='word_1_132' title='bbox 304 1440 536 1482; x_wconf 86' lang='lat' dir='ltr'>Stanislaus</span> <span class='ocrx_word' id='word_1_133' title='bbox 571 1440 923 1481; x_wconf 84' lang='lat' dir='ltr'>Siestrzencewicz</span> <span class='ocrx_word' id='word_1_134' title='bbox 954 1454 979 1480; x_wconf 89' lang='lat' dir='ltr'>a</span> <span class='ocrx_word' id='word_1_135' title='bbox 1012 1439 1174 1480; x_wconf 89' lang='lat' dir='ltr'>Bohuss</span> <span class='ocrx_word' id='word_1_136' title='bbox 1208 1439 1337 1492; x_wconf 85' lang='lat' dir='ltr'>episc.</span> <span class='ocrx_word' id='word_1_137' title='bbox 1371 1436 1502 1478; x_wconf 88' lang='lat' dir='ltr'>Albae</span> <span class='ocrx_word' id='word_1_138' title='bbox 1537 1435 1730 1487; x_wconf 88' lang='lat' dir='ltr'>Russiae‚</span> 
     </span>
     <span class='ocr_line' id='line_1_17' title="bbox 149 1510 1734 1565; baseline -0.003 -12"><span class='ocrx_word' id='word_1_139' title='bbox 149 1512 374 1565; x_wconf 88' lang='lat' dir='ltr'>Delegatus</span> <span class='ocrx_word' id='word_1_140' title='bbox 395 1511 679 1565; x_wconf 89' lang='lat' dir='ltr'>Apostolicus,</span> <span class='ocrx_word' id='word_1_141' title='bbox 703 1511 814 1553; x_wconf 89' lang='lat' dir='ltr'>clero</span> <span class='ocrx_word' id='word_1_142' title='bbox 850 1511 1054 1552; x_wconf 85' lang='lat' dir='ltr'>saeculari</span> <span class='ocrx_word' id='word_1_143' title='bbox 1076 1515 1117 1552; x_wconf 92' lang='lat' dir='ltr'>et</span> <span class='ocrx_word' id='word_1_144' title='bbox 1138 1510 1318 1563; x_wconf 84' lang='lat' dir='ltr'>regulari</span> <span class='ocrx_word' id='word_1_145' title='bbox 1341 1510 1383 1550; x_wconf 90' lang='lat' dir='ltr'>in</span> <span class='ocrx_word' id='word_1_146' title='bbox 1414 1518 1597 1550; x_wconf 84' lang='lat' dir='ltr'>mentem</span> <span class='ocrx_word' id='word_1_147' title='bbox 1618 1520 1734 1549; x_wconf 89' lang='lat' dir='ltr'>revo-</span> 
     </span>
     <span class='ocr_line' id='line_1_18' title="bbox 148 1579 1735 1634; baseline -0.003 -10"><span class='ocrx_word' id='word_1_148' title='bbox 148 1596 248 1624; x_wconf 88' lang='lat' dir='ltr'>cans</span> <span class='ocrx_word' id='word_1_149' title='bbox 268 1583 454 1624; x_wconf 89' lang='lat' dir='ltr'>studium</span> <span class='ocrx_word' id='word_1_150' title='bbox 473 1582 606 1624; x_wconf 89' lang='lat' dir='ltr'>Clem.</span> <span class='ocrx_word' id='word_1_151' title='bbox 629 1581 728 1623; x_wconf 93' lang='lat' dir='ltr'>XIV</span> <span class='ocrx_word' id='word_1_152' title='bbox 759 1581 1022 1634; x_wconf 84' lang='lat' dir='ltr'>gratificandi</span> <span class='ocrx_word' id='word_1_153' title='bbox 1058 1581 1382 1634; x_wconf 85' lang='lat' dir='ltr'>augustissimae</span> <span class='ocrx_word' id='word_1_154' title='bbox 1404 1579 1581 1621; x_wconf 85' lang='lat' dir='ltr'>Russiae</span> <span class='ocrx_word' id='word_1_155' title='bbox 1603 1579 1735 1631; x_wconf 89' lang='lat' dir='ltr'>impe-</span> 
     </span>
     <span class='ocr_line' id='line_1_19' title="bbox 148 1649 1729 1708; baseline -0.004 -13"><span class='ocrx_word' id='word_1_156' title='bbox 148 1655 305 1706; x_wconf 84' lang='lat' dir='ltr'>ratrici,</span> <span class='ocrx_word' id='word_1_157' title='bbox 329 1667 410 1708; x_wconf 89' lang='lat' dir='ltr'>quo</span> <span class='ocrx_word' id='word_1_158' title='bbox 446 1653 587 1695; x_wconf 87' lang='lat' dir='ltr'>omisit</span> <span class='ocrx_word' id='word_1_159' title='bbox 622 1654 860 1695; x_wconf 82' lang='lat' dir='ltr'>executioni</span> <span class='ocrx_word' id='word_1_160' title='bbox 898 1653 1096 1694; x_wconf 86' lang='lat' dir='ltr'>mandare</span> <span class='ocrx_word' id='word_1_161' title='bbox 1117 1653 1159 1692; x_wconf 91' lang='lat' dir='ltr'>in</span> <span class='ocrx_word' id='word_1_162' title='bbox 1194 1652 1283 1693; x_wconf 88' lang='lat' dir='ltr'>eius</span> <span class='ocrx_word' id='word_1_163' title='bbox 1306 1650 1535 1692; x_wconf 89' lang='lat' dir='ltr'>ditionibus</span> <span class='ocrx_word' id='word_1_164' title='bbox 1571 1649 1729 1690; x_wconf 87' lang='lat' dir='ltr'>bullam</span> 
     </span>
     <span class='ocr_line' id='line_1_20' title="bbox 152 1719 1732 1781; baseline -0.004 -14"><span class='ocrx_word' id='word_1_165' title='bbox 152 1732 371 1769; x_wconf 71' lang='lat' dir='ltr'>Dominus</span> <span class='ocrx_word' id='word_1_166' title='bbox 391 1741 445 1769; x_wconf 78' lang='lat' dir='ltr'>ae</span> <span class='ocrx_word' id='word_1_167' title='bbox 466 1728 744 1781; x_wconf 72' lang='lat' dir='ltr'>redemptor,</span> <span class='ocrx_word' id='word_1_168' title='bbox 767 1728 808 1765; x_wconf 91' lang='lat' dir='ltr'>et</span> <span class='ocrx_word' id='word_1_169' title='bbox 830 1738 911 1765; x_wconf 92' lang='lat' dir='ltr'>non</span> <span class='ocrx_word' id='word_1_170' title='bbox 946 1724 1149 1764; x_wconf 89' lang='lat' dir='ltr'>minorem</span> <span class='ocrx_word' id='word_1_171' title='bbox 1174 1723 1236 1763; x_wconf 90' lang='lat' dir='ltr'>Pii</span> <span class='ocrx_word' id='word_1_172' title='bbox 1257 1721 1317 1762; x_wconf 89' lang='lat' dir='ltr'>VI</span> <span class='ocrx_word' id='word_1_173' title='bbox 1345 1735 1443 1774; x_wconf 86' lang='lat' dir='ltr'>erga</span> <span class='ocrx_word' id='word_1_174' title='bbox 1464 1734 1555 1762; x_wconf 89' lang='lat' dir='ltr'>eam</span> <span class='ocrx_word' id='word_1_175' title='bbox 1585 1719 1732 1761; x_wconf 86' lang='lat' dir='ltr'>volun·-</span> 
     </span>
     <span class='ocr_line' id='line_1_21' title="bbox 149 1790 1732 1849; baseline -0.005 -12"><span class='ocrx_word' id='word_1_176' title='bbox 149 1800 280 1837; x_wconf 87' lang='lat' dir='ltr'>tatem</span> <span class='ocrx_word' id='word_1_177' title='bbox 314 1796 358 1836; x_wconf 90' lang='lat' dir='ltr'>in</span> <span class='ocrx_word' id='word_1_178' title='bbox 392 1809 476 1837; x_wconf 92' lang='lat' dir='ltr'>non</span> <span class='ocrx_word' id='word_1_179' title='bbox 509 1795 767 1849; x_wconf 88' lang='lat' dir='ltr'>prohibendo</span> <span class='ocrx_word' id='word_1_180' title='bbox 804 1799 852 1836; x_wconf 90' lang='lat' dir='ltr'>ut</span> <span class='ocrx_word' id='word_1_181' title='bbox 872 1795 1015 1836; x_wconf 88' lang='lat' dir='ltr'>clerici</span> <span class='ocrx_word' id='word_1_182' title='bbox 1050 1808 1133 1847; x_wconf 86' lang='lat' dir='ltr'>reg.</span> <span class='ocrx_word' id='word_1_183' title='bbox 1158 1793 1200 1836; x_wconf 84' lang='lat' dir='ltr'>S.</span> <span class='ocrx_word' id='word_1_184' title='bbox 1231 1793 1265 1834; x_wconf 94' lang='lat' dir='ltr'>I.</span> <span class='ocrx_word' id='word_1_185' title='bbox 1292 1794 1334 1833; x_wconf 88' lang='lat' dir='ltr'>in</span> <span class='ocrx_word' id='word_1_186' title='bbox 1368 1793 1458 1833; x_wconf 89' lang='lat' dir='ltr'>eius</span> <span class='ocrx_word' id='word_1_187' title='bbox 1494 1790 1732 1844; x_wconf 74' lang='lat' dir='ltr'>regionibus</span> 
     </span>
     <span class='ocr_line' id='line_1_22' title="bbox 151 1861 1732 1920; baseline -0.004 -12"><span class='ocrx_word' id='word_1_188' title='bbox 151 1880 318 1920; x_wconf 89' lang='lat' dir='ltr'>nomen,</span> <span class='ocrx_word' id='word_1_189' title='bbox 339 1870 496 1908; x_wconf 82' lang='lat' dir='ltr'>statum</span> <span class='ocrx_word' id='word_1_190' title='bbox 526 1872 567 1908; x_wconf 85' lang='lat' dir='ltr'>et</span> <span class='ocrx_word' id='word_1_191' title='bbox 594 1866 784 1908; x_wconf 90' lang='lat' dir='ltr'>habitum</span> <span class='ocrx_word' id='word_1_192' title='bbox 816 1866 1041 1917; x_wconf 84' lang='lat' dir='ltr'>retineant,</span> <span class='ocrx_word' id='word_1_193' title='bbox 1068 1865 1171 1906; x_wconf 88' lang='lat' dir='ltr'>citat</span> <span class='ocrx_word' id='word_1_194' title='bbox 1203 1864 1416 1906; x_wconf 88' lang='lat' dir='ltr'>decretum</span> <span class='ocrx_word' id='word_1_195' title='bbox 1437 1863 1502 1904; x_wconf 90' lang='lat' dir='ltr'>Pii</span> <span class='ocrx_word' id='word_1_196' title='bbox 1522 1861 1581 1903; x_wconf 89' lang='lat' dir='ltr'>VI</span> <span class='ocrx_word' id='word_1_197' title='bbox 1604 1864 1664 1915; x_wconf 90' lang='lat' dir='ltr'>(n.</span> <span class='ocrx_word' id='word_1_198' title='bbox 1691 1863 1732 1914; x_wconf 85' lang='lat'>1)</span> 
     </span>
     <span class='ocr_line' id='line_1_23' title="bbox 152 1934 1726 1991; baseline -0.004 -12"><span class='ocrx_word' id='word_1_199' title='bbox 152 1940 178 1980; x_wconf 83' lang='lat'><strong>2</strong></span> <span class='ocrx_word' id='word_1_200' title='bbox 213 1936 337 1979; x_wconf 82' lang='lat' dir='ltr'>Mart.</span> <span class='ocrx_word' id='word_1_201' title='bbox 376 1937 652 1991; x_wconf 87' lang='lat' dir='ltr'>publicatum,</span> <span class='ocrx_word' id='word_1_202' title='bbox 690 1938 889 1991; x_wconf 89' lang='lat' dir='ltr'>prospicit</span> <span class='ocrx_word' id='word_1_203' title='bbox 925 1937 1194 1977; x_wconf 87' lang='lat' dir='ltr'>continuatae</span> <span class='ocrx_word' id='word_1_204' title='bbox 1231 1948 1374 1977; x_wconf 89' lang='lat' dir='ltr'>eorum</span> <span class='ocrx_word' id='word_1_205' title='bbox 1411 1934 1661 1975; x_wconf 82' lang='lat' dir='ltr'>existentiae</span> <span class='ocrx_word' id='word_1_206' title='bbox 1691 1936 1726 1974; x_wconf 76' lang='lat' dir='ltr'>el</span> 
     </span>
    </p>
   </div>
   <div class='ocr_carea' id='block_1_9' title="bbox 154 2007 1697 2116">
    <p class='ocr_par' dir='ltr' id='par_1_9' title="bbox 154 2007 1697 2116">
     <span class='ocr_line' id='line_1_24' title="bbox 155 2007 1307 2062; baseline -0.003 -13"><span class='ocrx_word' id='word_1_207' title='bbox 155 2008 400 2050; x_wconf 84' lang='lat' dir='ltr'>facultatem</span> <span class='ocrx_word' id='word_1_208' title='bbox 422 2008 756 2062; x_wconf 88' lang='lat' dir='ltr'>recipiendorum</span> <span class='ocrx_word' id='word_1_209' title='bbox 780 2008 1030 2049; x_wconf 81' lang='lat' dir='ltr'>novitiorum</span> <span class='ocrx_word' id='word_1_210' title='bbox 1056 2007 1307 2060; x_wconf 88' lang='lat' dir='ltr'>impertitur.</span> 
     </span>
     <span class='ocr_line' id='line_1_25' title="bbox 154 2070 1697 2116; baseline -0.004 -6"><span class='ocrx_word' id='word_1_211' title='bbox 154 2074 372 2110; x_wconf 87' lang='lat' dir='ltr'>Mohileviae</span> <span class='ocrx_word' id='word_1_212' title='bbox 390 2075 434 2108; x_wconf 90' lang='lat' dir='ltr'>ad</span> <span class='ocrx_word' id='word_1_213' title='bbox 456 2074 696 2108; x_wconf 78' lang='lat' dir='ltr'>Boristhenen</span> <span class='ocrx_word' id='word_1_214' title='bbox 715 2074 752 2108; x_wconf 88' lang='lat' dir='ltr'>in</span> <span class='ocrx_word' id='word_1_215' title='bbox 770 2074 846 2108; x_wconf 85' lang='lat' dir='ltr'>ord.</span> <span class='ocrx_word' id='word_1_216' title='bbox 868 2074 973 2107; x_wconf 83' lang='lat' dir='ltr'>resid.</span> <span class='ocrx_word' id='word_1_217' title='bbox 995 2079 1105 2116; x_wconf 75' lang='lat' dir='ltr'>postr.</span> <span class='ocrx_word' id='word_1_218' title='bbox 1128 2072 1208 2107; x_wconf 81' lang='lat' dir='ltr'>festi</span> <span class='ocrx_word' id='word_1_219' title='bbox 1228 2072 1291 2106; x_wconf 79' lang='lat' dir='ltr'>SS.</span> <span class='ocrx_word' id='word_1_220' title='bbox 1313 2071 1412 2105; x_wconf 72' lang='lat' dir='ltr'>Petri</span> <span class='ocrx_word' id='word_1_221' title='bbox 1429 2075 1465 2106; x_wconf 88' lang='lat' dir='ltr'>et</span> <span class='ocrx_word' id='word_1_222' title='bbox 1481 2070 1586 2105; x_wconf 84' lang='lat' dir='ltr'>Pauli</span> <span class='ocrx_word' id='word_1_223' title='bbox 1605 2072 1697 2104; x_wconf 86' lang='grc'><strong>1779.</strong></span> 
     </span>
    </p>
   </div>
   <div class='ocr_carea' id='block_1_10' title="bbox 1340 2178 1733 2225">
    <p class='ocr_par' dir='ltr' id='par_1_10' title="bbox 1340 2178 1733 2225">
     <span class='ocr_line' id='line_1_26' title="bbox 1340 2178 1733 2225; baseline -0.01 -9"><span class='ocrx_word' id='word_1_224' title='bbox 1340 2182 1449 2216; x_wconf 82' lang='lat' dir='ltr'>Arch.</span> <span class='ocrx_word' id='word_1_225' title='bbox 1465 2192 1550 2225; x_wconf 73' lang='lat' dir='ltr'>qen.</span> <span class='ocrx_word' id='word_1_226' title='bbox 1572 2179 1605 2213; x_wconf 83' lang='lat' dir='ltr'>S.</span> <span class='ocrx_word' id='word_1_227' title='bbox 1625 2179 1655 2213; x_wconf 94' lang='lat' dir='ltr'>I.</span> <span class='ocrx_word' id='word_1_228' title='bbox 1674 2178 1733 2221; x_wconf 87' lang='lat'><strong>(1).</strong></span> 
     </span>
    </p>
   </div>
   <div class='ocr_carea' id='block_1_11' title="bbox 225 3020 1016 3065">
    <p class='ocr_par' dir='ltr' id='par_1_11' title="bbox 225 3020 1016 3065">
     <span class='ocr_line' id='line_1_27' title="bbox 225 3020 1016 3065; baseline -0.004 -9"><span class='ocrx_word' id='word_1_229' title='bbox 225 3020 269 3065; x_wconf 87' lang='lat'>(1)</span> <span class='ocrx_word' id='word_1_230' title='bbox 288 3020 361 3055; x_wconf 87' lang='lat' dir='ltr'>Cfr.</span> <span class='ocrx_word' id='word_1_231' title='bbox 382 3021 497 3056; x_wconf 84' lang='lat' dir='ltr'>lnstit.</span> <span class='ocrx_word' id='word_1_232' title='bbox 518 3021 554 3056; x_wconf 89' lang='lat' dir='ltr'>S.</span> <span class='ocrx_word' id='word_1_233' title='bbox 574 3021 604 3057; x_wconf 93' lang='grc' dir='ltr'>Ι.</span> <span class='ocrx_word' id='word_1_234' title='bbox 626 3022 762 3056; x_wconf 86' lang='lat' dir='ltr'>Romae</span> <span class='ocrx_word' id='word_1_235' title='bbox 785 3024 879 3060; x_wconf 83' lang='lat'>1869,</span> <span class='ocrx_word' id='word_1_236' title='bbox 900 3021 925 3062; x_wconf 92' lang='lat'>1,</span> <span class='ocrx_word' id='word_1_237' title='bbox 942 3023 1016 3062; x_wconf 76' lang='grc'>418.</span> 
     </span>
    </p>
   </div>
  </div>
 </body>
</html>
