1989 3252
271 164 413 210 Clem.
438 167 576 210 XIII.
942 191 997 198 ——
1026 170 1107 210 500
1141 193 1189 198 —
1738 170 1864 215 1767.

271 252 322 293 de
361 252 483 294 clade
517 254 756 295 animarum
788 253 1107 296 innumerarum
1142 268 1246 309 quas
1281 254 1331 297 de
1369 269 1495 297 manu
1533 256 1644 309 regis
1681 257 1867 310 requiret

271 322 480 376 Christus,
505 325 679 366 consilia
699 329 911 378 suggerat.

269 390 313 424 R.
334 401 391 433 ap.
414 390 450 425 S.
471 391 519 425 M.
540 391 590 426 M.
610 391 699 426 XXI
717 393 804 434 Apr.
829 394 915 427 1767
932 393 973 427 Ρ.
993 403 1054 426 an.
1078 393 1138 427 1X.

268 500 369 534 Bucl.
388 501 482 534 Rom

351 613 419 656 87.
459 617 517 653 De
537 615 792 666 repentina.
836 635 861 640 -
902 611 1034 653 Clem.
1072 610 1176 652 XIII
1211 611 1384 664 Aloysio
1422 611 1521 653 card
1575 611 1627 653 de
1665 610 1860 654 Corduba

267 681 466 734 archiep&
498 680 702 722 Toletano
738 682 946 735 significat
981 682 1169 724 dolorem
1205 682 1257 724 de
1292 684 1536 724 calamitate
1567 683 1608 724 S.
1645 682 1698 734 1..
1734 696 1859 737 quam

268 765 378 792 anno
401 752 614 805 superiore
638 752 808 805 plurimi
830 752 952 806 Hisp.
978 753 1162 807 episcopi
1181 753 1540 806 commendarant,
1565 767 1692 807 quam
1722 755 1765 794 in
1785 767 1861 795 sua

268 823 449 864 dioecesi
470 823 580 864 idem
604 823 747 876 Aloys.
772 824 920 865 ut'tlem
941 828 1137 876 testatur,
1161 825 1396 866 excruciari
1417 838 1461 865 se
1482 824 1600 866 clade
1620 825 1857 866 animarum

268 895 310 934 in
332 893 453 947 Hisp.
479 898 521 935 et
544 895 791 947 praesertim
813 896 926 949 apud
948 895 1151 937 barbaras
1172 900 1333 949 gentes,

266 960 309 995 R.
331 972 387 1004 ap.
411 961 446 994 S.
469 961 519 996 M.
538 962 589 997 M.
609 961 717 995 XXX
735 962 825 1005 Apr.
848 964 931 997 1767
950 962 992 996 Ρ.
1013 973 1072 996 an.
1092 962 1156 997 IX.

266 1070 364 1103 Bull.
386 1070 493 1105 Rom.

349 1181 422 1223 88.
456 1177 682 1219 Decretum
704 1179 963 1220 extensionis
984 1178 1306 1232 indulgentiae..
1332 1179 1397 1220 Ex
1417 1179 1517 1221 aud.
1541 1178 1673 1221 SSmi.
1699 1179 1764 1220 Ad
1786 1179 1863 1220 hu-

267 1249 468 1290 millimas
490 1263 635 1302 preces
657 1249 782 1292 Laur.
807 1249 924 1291 Ricci
949 1249 1097 1304 Praep.
1117 1250 1224 1292 Gen.
1245 1249 1285 1292 S.
1310 1250 1345 1291 I.
1369 1249 1441 1292 SS.
1463 1250 1515 1293 D.
1540 1250 1595 1293 N.
1620 1249 1751 1292 Clem.
1778 1250 1858 1293 ΡΡ.

265 1320 370 1362 XIII
391 1321 477 1363 ind.
504 1321 616 1374 plen.
639 1335 883 1364 concessam
914 1322 1079 1364 clericis
1100 1323 1364 1376 regularibus
1384 1323 1572 1364 eiusdem
1594 1323 1687 1365 Soc.
1712 1324 1756 1364 in
1777 1323 1856 1365 fer.

267 1392 324 1433 VI
349 1397 441 1446 post
462 1398 655 1434 octavam
677 1393 750 1435 SS.
776 1393 900 1447 Corp.
924 1392 1081 1435 Christi
1103 1394 1331 1435 clementer
1350 1394 1543 1436 extendit
1559 1394 1612 1435 ad
1628 1394 1773 1436 fideles
1790 1395 1863 1450 qui

266 1465 308 1504 in
331 1464 522 1518 praefata
544 1465 652 1506 feria
672 1465 776 1506 eccl.
802 1463 844 1506 S.
877 1464 910 1506 Ι.
936 1466 1201 1507 visitaverint
1222 1465 1367 1520 ibique
1397 1479 1474 1519 per
1501 1466 1672 1520 aliquod
1693 1471 1860 1520 tempus

264 1537 355 1577 anti
377 1535 446 1578 SS.
471 1535 607 1578 Euch.
632 1550 739 1578 sacr.
763 1536 828 1578 vel
849 1542 947 1578 ante
971 1536 1205 1579 Servatoris
1229 1538 1363 1579 nostri
1380 1537 1477 1578 Iesu
1495 1538 1721 1590 imaginem
1738 1539 1861 1579 iuxta

266 1612 449 1649 mentem
471 1607 613 1650 Sanct.
637 1621 740 1649 suae
760 1608 986 1650 oraverint.
1012 1608 1183 1662 Absque
1219 1608 1349 1661 brevi,
1382 1614 1586 1662 perpetuo
1613 1609 1809 1651 valitura.
1833 1634 1860 1640 —

265 1679 319 1720 N.
346 1679 469 1721 Card.
494 1679 746 1721 Antonellus
766 1680 900 1733 praef.
926 1680 966 1721 S.
991 1679 1144 1732 Borgia
1164 1693 1269 1722 secr.

263 1746 307 1781 R.
329 1758 373 1780 ex
390 1757 480 1781 secr.
502 1746 538 1781 S.
560 1747 599 1781 C.
620 1746 695 1780 ind.
715 1746 835 1781 21un.
859 1749 952 1781 1767.

263 1855 322 1889 Ea:
340 1862 414 1899 typ.
434 1866 529 1889 cam.
546 1867 604 1899 ap.
1714 1857 1860 1891 Bullae.

347 1968 420 2010 89.
453 1967 526 2008 Ad
546 1968 810 2021 aagendam
829 1967 1051 2018 fidel-ium.
1076 1988 1102 1994 -
1123 1962 1254 2006 Clem.
1279 1962 1383 2005 XIII
1405 1964 1612 2006 universis
1647 1964 1854 2007 Christifi-

265 2036 428 2078 delibus
463 2035 565 2077 eccl.
605 2035 645 2077 S.
680 2035 715 2076 I.
751 2035 1020 2076 visitantibus
1055 2038 1080 2076 5
1116 2034 1240 2078 Febr.
1279 2035 1366 2078 ind.
1402 2035 1513 2089 plen.
1552 2035 1759 2078 concedit.
1794 2035 1859 2078 Ad

266 2109 547 2163 septennium.

264 2176 309 2212 R.
328 2187 385 2220 ap.
407 2176 442 2210 S.
463 2176 511 2211 M.
534 2175 583 2210 M.
603 2175 650 2210 XI
669 2176 763 2219 Aug.
787 2177 870 2211 1767
889 2175 931 2210 P.
951 2185 1010 2209 an.
1030 2174 1078 2210 X.

264 2285 366 2320 Bull.
384 2285 494 2319 Rom.

349 2408 421 2451 90.
457 2413 518 2450 De
535 2409 808 2450 clericorum
828 2419 925 2460 7²69.
948 2409 992 2447 S.
1015 2410 1048 2447 l.
1073 2428 1098 2434 -
1117 2403 1251 2446 Clem.
1277 2403 1382 2446 XIII
1418 2405 1563 2447 comiti
1593 2404 1644 2447 de
1675 2405 1858 2448 Kaunitz

267 2478 478 2531 significat
498 2477 550 2518 de
567 2476 809 2518 calamitate
830 2475 871 2517 S.
896 2475 930 2517 l.
949 2489 1004 2517 ex
1020 2480 1198 2530 utraque
1215 2475 1360 2518 Sicilia
1376 2481 1420 2518 et
1435 2490 1561 2530 regno
1578 2477 1858 2531 Neapolitano

267 2549 471 2602 expulsae
505 2561 718 2602 exponere
751 2546 958 2588 Nuntium
995 2553 1129 2601 apost.
1164 2548 1278 2601 apud
1308 2562 1420 2590 caes.
1458 2549 1599 2591 aulam
1633 2563 1659 2590 a
1693 2562 1737 2591 se
1768 2563 1860 2592 esse

264 2622 421 2661 iussum
454 2620 699 2671 litterasque
734 2618 848 2658 mitti
882 2617 936 2658 ad
971 2616 1151 2659 Mariam
1187 2605 1447 2670 Theiesiam,
1470 2619 1658 2673 postulat
1678 2628 1725 2661 ut
1746 2620 1858 2674 apud

269 2694 456 2746 reginam
477 2691 751 2745 apostolicam
774 2688 909 2730 officia
929 2702 1006 2730 sua
1026 2690 1214 2732 conferat
1236 2695 1282 2731 ut
1301 2691 1441 2732 laesae
1468 2691 1661 2745 dignitati
1681 2690 1857 2732 Pontifi-

270 2766 360 2806 ciae
380 2764 577 2816 satisfiat,
601 2766 644 2804 et
664 2761 931 2804 commendat
951 2761 991 2804 S.
1017 2761 1051 2804 Ι.
1076 2763 1194 2804 cuius
1216 2763 1414 2804 utilitatis
1436 2767 1562 2805 testes
1596 2763 1725 2806 habet
1758 2767 1858 2818 epos

271 2850 324 2877 ex
343 2837 456 2878 omni
477 2836 649 2876 natione
671 2833 721 2874 ‹le
744 2834 835 2874 eius
854 2832 1150 2875 incolumitate
1172 2833 1389 2876 sollicitos.

271 2903 314 2937 R.
333 2913 392 2946 ap.
413 2902 449 2936 S.
469 2902 516 2937 M.
538 2901 589 2936 M.
611 2900 641 2935 V
661 2900 744 2934 Dee.
767 2901 851 2934 1767
869 2898 910 2934 Ρ.
930 2910 989 2933 an.
1013 2899 1059 2935 X.

271 3012 375 3047 Ball.
393 3012 501 3046 Rom.

1979 245 1989 291 ξ

1984 294 1989 312 Ε
