1989 3252
138 179 280 223 Pauli
299 179 352 223 V.
800 202 854 209 —
883 181 963 222 255
992 205 1047 211 —
1589 183 1718 226 1610.

138 265 385 316 nistrantur,
403 265 448 305 in
464 263 605 306 Nativ.
625 264 793 305 Domini
809 278 859 307 ac
875 267 1150 308 invocationis
1166 267 1298 320 ipsius
1316 265 1417 307 eccl.
1435 267 1716 320 visitaverint,

137 334 367 388 plenariam
388 334 547 387 indulg.
562 335 769 387 concedit,
787 336 831 376 in
852 338 1034 378 secundo
1051 337 1270 378 Paschatis
1287 336 1719 379 Resu1·r.D0minicae

138 411 181 446 et
199 406 335 458 primo
355 405 625 446 Pentecostes
646 406 764 447 festis
780 406 927 447 diebus
951 408 1001 448 10
1021 420 1118 448 ann.
1141 415 1182 447 et
1198 407 1487 460 quadragenas
1508 423 1517 459 ;
1540 408 1715 460 singulis

136 476 253 517 feriis
285 477 432 528 sextis,
454 475 642 517 sabbatis
671 482 713 517 et
733 477 955 518 dominicis
984 478 1113 518 totius
1133 479 1232 518 anni
1254 492 1302 518 ac
1324 479 1367 518 in
1387 479 1562 531 singulis
1582 479 1634 520 D.
1658 478 1711 520 N.

135 546 171 588 I.
189 547 265 588 Ch.
284 552 326 588 et
341 546 390 589 B.
410 547 466 588 M.
489 546 538 588 V.
557 546 721 588 Invent.
737 547 778 589 S.
793 547 954 599 Crucis,
968 547 1252 588 Dedicationis
1268 555 1349 590 ete.
1365 549 1499 601 festis,
1516 551 1594 590 100
1612 550 1716 590 dies.

133 612 179 647 R.
198 624 257 655 ap.
276 612 313 646 S.
331 614 373 647 P.
393 613 477 647 XIV
496 614 583 656 Apr.
604 615 688 648 1610
706 614 747 648 Ρ.
766 624 825 647 an.
846 614 888 648 V.

1342 722 1426 765 Rey.
1446 723 1535 757 buil.
1555 724 1620 758 IV.
1641 726 1717 759 136.

217 843 319 885 101.
340 848 411 884 Ea:
431 844 635 884 iniuncto
655 843 799 884 nobis.
813 841 968 882 —Paul.
986 841 1020 880 V
1037 841 1204 882 officiali
1221 841 1525 895 Rothomagen.
1542 842 1715 884 mandat

130 915 178 952 ut
198 910 417 952 confirmet
438 910 701 952 concordiam
722 912 873 952 initam
896 913 1006 953 inter
1026 911 1112 953 Iac.
1132 911 1317 953 Vermiel
1336 914 1584 954 canonicum
1600 915 1711 966 prio-

130 986 246 1023 ratus
281 981 321 1024 S.
344 981 462 1023 Ioan.
487 981 562 1023 Ev.
587 981 638 1023 de
673 982 844 1024 Aurelio
880 982 928 1024 O.
954 982 992 1024 S.
1022 987 1127 1037 Aug.
1152 996 1244 1024 can.
1277 988 1411 1036 regul.
1438 985 1709 1026 Lemovicen.

129 1052 261 1094 dioec.
286 1052 462 1105 collegio
485 1052 526 1094 S.
550 1051 585 1093 Ι.
610 1052 896 1094 Lemovicensi
916 1059 1121 1107 perpetuo
1142 1055 1250 1095 uniti
1273 1064 1315 1096 et
1336 1055 1440 1096 Rob.
1465 1055 1713 1109 Carpentier

125 1128 329 1165 rectorem
351 1123 446 1164 coll.
469 1122 512 1164 S.
530 1123 565 1165 I.
585 1123 789 1164 Parisien.
815 1137 940 1177 super
955 1125 1143 1177 prioratu
1165 1125 1215 1166 de
1237 1125 1444 1168 Montalto
1466 1126 1516 1167 de
1537 1127 1711 1168 Aurelio

125 1193 404 1248 dependente,
427 1193 478 1234 de
499 1207 583 1247 quo
603 1200 698 1247 post
732 1194 893 1235 obitum
931 1196 1030 1237 Ant.
1055 1195 1231 1237 Poussin
1252 1196 1410 1238 Prioris
1431 1196 1481 1238 de
1502 1196 1709 1239 Montalto

124 1264 164 1305 d.
202 1264 356 1306 Iacobo
391 1265 526 1306 ordin.
564 1266 816 1307 auctoritate
849 1267 1063 1319 provisum
1100 1267 1255 1319 fuerat,
1286 1268 1325 1309 d.
1364 1282 1461 1309 vero
1496 1267 1705 1310 Robertus

121 1336 316 1377 eumdem
338 1336 571 1389 prioratum
605 1344 738 1389 apost.
764 1338 1017 1378 auctoritate
1052 1338 1132 1378 sibi
1168 1338 1394 1391 regendum
1420 1340 1706 1381 commendari

120 1406 393 1448 obtinuerat:
431 1420 488 1448 sc.
512 1413 689 1461 uterque
725 1408 814 1449 iure
843 1421 917 1449 suo
952 1408 1063 1449 cedit
1095 1409 1172 1449 sub
1207 1410 1352 1451 multis
1381 1410 1706 1463 conditionibus,

120 1478 330 1530 prioratus
351 1478 432 1530 ipsi
460 1477 636 1530 collegio
671 1478 875 1520 Parisien.
901 1480 1044 1520 unitur
1065 1480 1134 1532 (fr.
1159 1482 1211 1521 50
1242 1480 1358 1527 duc.)
1379 1481 1531 1522 Pensio
1561 1495 1704 1522 annua

120 1549 174 1588 40
195 1547 317 1590 solid.
342 1547 514 1601 collegio
535 1547 800 1590 Lemovicen.
826 1555 1081 1591 reservatur.

120 1612 161 1648 R.
180 1624 240 1656 ap.
261 1613 297 1648 S.
319 1615 368 1649 M.
388 1615 470 1649 VIII
486 1614 534 1648 id.
555 1616 643 1657 Apr.
664 1617 747 1649 1611
768 1615 807 1649 Ρ.
828 1626 886 1650 an.
907 1616 950 1649 V.

1326 1726 1414 1769 κερ.
1435 1726 1521 1760 bun.
1543 1728 1606 1761 JV.
1630 1730 1702 1762 iso.

199 1844 300 1887 102.
333 1844 381 1884 A.
404 1843 451 1885 Ρ.
470 1842 521 1884 R.
545 1843 602 1885 M.
626 1852 733 1888 Cum
754 1851 871 1889 Sicut
892 1853 1169 1902 accepimus.
1188 1871 1213 1876 —
1230 1846 1350 1888 Paul.
1372 1845 1407 1886 V
1425 1847 1701 1888 confraterni-

113 1914 193 1954 tati
213 1913 291 1954 sub
311 1914 446 1956 invoc.
474 1915 519 1956 Β.
544 1914 602 1956 M.
628 1915 679 1956 V.
705 1917 922 1970 utriusque
954 1930 1080 1958 sexus
1110 1916 1300 1958 fidelium
1322 1918 1365 1958 in
1396 1918 1494 1959 eccl.
1517 1917 1560 1960 S.
1584 1918 1700 1960 Petri

113 1997 231 2037 prop.
272 1984 503 2038 Iapponen.
544 1986 827 2028 instituendae
867 1988 909 2027 in
959 1987 1135 2029 diversis
1184 1989 1354 2042 pietatis
1394 1994 1436 2030 et
1482 1989 1701 2031 charitatis

113 2054 310 2108 operibus
342 2069 387 2097 se
423 2058 712 2098 exercentium
745 2057 1030 2111 indulgentias
1065 2058 1255 2100 concedit
1291 2060 1335 2100 in
1370 2059 1438 2101 die
1467 2061 1694 2113 ingressus,

116 2127 264 2167 mortis
284 2127 478 2180 articulo,
499 2127 608 2170 festo
629 2127 670 2170 S.
690 2127 821 2180 Petri,
837 2128 1036 2183 Concept.
1054 2128 1196 2172 Nativ.
1215 2130 1404 2171 Annunt.
1418 2135 1461 2172 et
1480 2131 1694 2186 Assumpt.

111 2195 161 2238 Β.
193 2196 253 2238 Μ.
286 2196 357 2250 V.,
380 2211 454 2251 pro
486 2199 614 2240 variis
650 2199 864 2252 operibus.
897 2200 1106 2254 Perpetuo
1141 2201 1350 2253 valituris,
1374 2201 1518 2254 nullis,
1539 2204 1575 2243 si
1609 2203 1694 2244 alia

111 2266 269 2320 indulg.
293 2269 377 2310 iam
396 2282 595 2311 concessa
614 2270 684 2322 sit,
708 2273 780 2311 vel
800 2271 1123 2313 confraternitas
1144 2272 1267 2313 alteri
1287 2278 1546 2325 aggregetur.

108 2332 154 2367 R.
172 2344 230 2376 ap.
252 2333 288 2368 S.
311 2334 360 2368 M.
380 2335 449 2370 XV
466 2336 554 2378 Apr.
577 2338 660 2371 1610
679 2335 720 2370 Ρ.
742 2346 801 2371 an.
823 2337 862 2371 V.

107 2387 229 2429 (Nota.
252 2387 385 2422 Eodem
411 2389 470 2423 die
497 2391 687 2433 expeditae
707 2391 854 2427 fuerunt
881 2392 1017 2426 similes
1046 2393 1186 2436 indulg.
1219 2404 1284 2436 pro
1314 2393 1427 2428 confr.
1448 2393 1483 2428 S.
1503 2394 1642 2428 Mariae
1659 2394 1696 2429 in

108 2442 197 2476 eccl.
216 2443 252 2477 S.
271 2443 418 2478 Ioannis
436 2444 542 2488 Bapt.
560 2450 594 2479 et
613 2456 678 2488 pro
695 2446 769 2481 alia
786 2447 823 2481 in
841 2447 928 2481 eccl.
951 2446 987 2482 S.
1008 2447 1171 2483 Antonii.

1253 2556 1343 2601 Rey.
1364 2557 1455 2592 buu.
1475 2558 1540 2592 IV.
1563 2560 1636 2593 133.
1659 2559 1692 2592 b.

190 2673 287 2716 103.
321 2671 372 2713 A.
395 2671 443 2713 P.
462 2671 512 2714 R.
532 2673 592 2714 M.
618 2680 725 2717 Cum
745 2678 860 2717 sicut
880 2679 1155 2730 accepimus.
1181 2700 1206 2706 —
1226 2676 1349 2718 Paul.
1373 2676 1410 2718 V
1431 2682 1575 2722 simile·
1593 2682 1690 2734 for·-

106 2756 244 2785 mm...
268 2742 674 2785 confraternitati....
699 2744 743 2785 in
773 2744 952 2786 ecclesia
985 2743 1026 2786 S.
1051 2745 1282 2789 Mariae...
1308 2749 1455 2789 mortis
1488 2749 1684 2802 articulo,

106 2810 211 2854 festo
231 2813 421 2855 Annunt.
444 2811 573 2855 Cone.
596 2813 741 2855 Nativ.
764 2814 896 2856 Puris.
920 2819 964 2856 et
983 2816 1198 2870 Assumpt.
1221 2817 1269 2859 B.
1295 2817 1353 2859 M.
1379 2817 1430 2860 V.

105 2876 149 2912 R.
167 2888 226 2921 ap.
246 2877 269 2912 S
302 2879 352 2913 M.
372 2879 441 2914 XV
458 2881 543 2922 Apr.
566 2882 651 2915 1610
668 2879 710 2915 Ρ.
729 2890 789 2914 an.
810 2880 853 2915 V.

1252 2998 1340 3039 Req.
1362 2998 1451 3033 bull.
1469 2999 1536 3034 IV.
1559 3002 1632 3034 134.
1655 3001 1688 3035 b.
