1989 3252
126 229 269 274 Pauli
288 231 343 274 V.
795 251 848 257 -
877 228 953 269 251
987 252 1041 257 --
1569 225 1700 270 1609.

90 334 94 340 ·
129 315 199 356 Fr.
219 317 298 357 200
319 315 413 356 duc.
433 328 559 368 super
578 314 731 368 quibus
753 327 893 355 annua
908 314 1053 366 pensio
1074 316 1126 355 50
1147 318 1253 355 sent.
1271 312 1324 354 ad
1343 313 1549 354 rationem
1564 311 1589 352 7
1605 311 1699 353 libr.

129 391 172 427 et
194 388 244 428 15
262 385 382 427 solid.
407 385 614 438 imperial.
640 385 870 438 Hippolyto
892 383 1089 425 Castellio
1110 384 1208 426 cler.
1233 388 1457 425 reservata.

128 451 174 486 R.
193 462 250 494 ap.
272 450 308 485 S.
328 451 378 484 M.
397 451 447 486 III
464 461 547 484 non.
569 450 666 493 Sept..
688 453 772 485 1609
791 450 830 484 P.
850 461 908 484 an.
929 450 971 483 V.

1326 570 1415 613 περ.
1434 569 1524 604 bun.
1542 569 1608 603 JV.
1629 570 1702 604 153.

207 697 280 741 86.
306 702 358 738 In
378 710 595 752 supr-ema
615 701 759 751 apost.
777 698 914 739 sedis.
939 720 964 725 —
980 695 1098 736 Paul.
1118 694 1168 746 V,
1186 698 1355 748 petente
1371 692 1546 735 Claudio
1562 695 1704 748 Aqua-

128 766 223 806 viva
256 765 406 818 Praep.
429 764 534 807 Gen.
560 765 602 808 S.
624 765 659 807 Ι.
692 765 864 806 mandat
895 765 1063 807 officiali
1085 765 1356 818 Argentinen.
1380 769 1585 818 quatenus
1609 777 1704 805 con-

125 836 263 878 firmet
296 836 429 877 factas
461 836 631 889 collegio
668 835 995 877 Moleshaemen.
1020 837 1236 889 Argentin.
1262 835 1414 887 dioec.,
1438 836 1506 876 cui
1527 835 1704 876 Ioannes

124 907 165 948 b.
186 921 242 948 m.
266 907 487 960 episcopus
506 907 773 960 Argentinen.
794 907 904 948 bona
921 907 1126 961 quaedam
1143 907 1399 959 incorporari
1416 920 1441 947 a
1461 905 1581 959 Greg.
1600 904 1703 946 XIII

128 978 220 1032 (cfr.
244 992 286 1019 n.
310 978 407 1031 267)
439 979 752 1030 impetraverat,
776 978 881 1019 alias
912 979 1102 1030 uniones,
1134 978 1372 1029 facultates,
1396 976 1701 1028 fundationem,

125 1048 356 1090 dotationes
377 1053 463 1089 tam
483 1048 669 1101 Gregorii
691 1063 814 1102 quam
838 1049 1008 1090 Ioannis
1030 1054 1072 1090 et
1093 1048 1231 1090 Caroli
1252 1047 1484 1090 Cardinalis
1506 1062 1530 1089 a
1551 1047 1704 1089 Lotha-

126 1120 261 1172 ringia
281 1124 322 1161 et
344 1120 528 1173 episcopi
549 1121 730 1161 nomine.

124 1184 170 1220 R.
189 1195 245 1228 ap.
267 1184 302 1220 S.
322 1185 370 1220 M.
390 1185 493 1220 XVII
510 1185 586 1221 kal.
606 1185 684 1220 Oct.
706 1188 790 1221 1609
807 1186 848 1220 Ρ.
868 1197 928 1220 an.
948 1187 990 1220 V.

1066 1307 1151 1349 Req.
1171 1306 1260 1341 bull.
1276 1306 1343 1340 IV.
1363 1308 1439 1341 246.
1459 1307 1493 1341 b.
1515 1325 1550 1330 —
1568 1307 1645 1341 251.
1665 1306 1698 1340 b.

208 1429 276 1471 87.
302 1432 573 1482 Expositum
602 1428 730 1471 nobis
757 1442 919 1483 nuper.
939 1451 965 1457 —
981 1426 1101 1467 Paul.
1124 1425 1157 1467 V
1174 1426 1341 1468 Rectori
1357 1431 1399 1468 et
1415 1426 1702 1479 collegialibus

128 1497 291 1550 collegii
312 1496 352 1538 S.
377 1496 413 1538 Ι.
432 1497 624 1538 Perusini
645 1497 887 1538 facultatem
910 1498 1101 1539 concedit
1122 1498 1407 1539 retrocedendi
1429 1498 1479 1538 de
1498 1511 1701 1538 consensu

125 1567 195 1608 Pr.
218 1567 433 1609 Generalis
454 1581 508 1608 cx
528 1570 579 1609 20
601 1583 657 1609 m.
681 1574 788 1610 scut.
812 1568 865 1609 ab
888 1569 983 1609 Ant.
1009 1567 1066 1610 M.
1091 1569 1222 1621 Guagi
1244 1569 1377 1610 eiusd.
1401 1582 1486 1610 soc.
1509 1569 1701 1620 religioso

124 1643 219 1691 post
238 1643 335 1679 vota
356 1638 395 1679 d.
420 1639 593 1691 collegio
614 1639 766 1692 partim
801 1641 843 1680 in
865 1653 991 1680 censu
1015 1641 1166 1693 partim
1202 1654 1226 1681 a
1247 1641 1375 1680 fratre
1396 1653 1592 1693 germano
1613 1638 1702 1680 Sal-

121 1713 263 1750 vatore
285 1709 500 1761 exigendis
521 1709 685 1750 donatis
701 1724 870 1751 censum
893 1724 1079 1751 annuum
1098 1710 1378 1752 redimibilem
1400 1712 1423 1751 3
1446 1725 1500 1751 m.
1526 1717 1633 1751 scut.
1658 1711 1701 1750 in

123 1780 396 1833 proprietate,
429 1794 553 1834 quem
575 1781 943 1834 Aquaependentis
976 1787 1018 1823 et
1049 1781 1229 1822 Vulsinii
1265 1786 1471 1823 terrarum
1508 1781 1696 1824 Perusin.

123 1850 254 1892 dioec.
279 1852 601 1892 communitates
623 1856 665 1892 et
685 1852 874 1893 homines
895 1852 1187 1894 vendiderunt.

121 1916 167 1951 R.
188 1927 245 1959 ap.
267 1916 303 1952 S.
325 1917 373 1951 M.
398 1920 410 1950 l
432 1917 510 1951 Oct.
532 1919 616 1952 1609
634 1917 675 1951 Ρ.
694 1928 753 1952 an.
777 1918 819 1952 V.

1269 2027 1356 2069 Κεφ.
1376 2027 1463 2060 buzl.
1483 2027 1548 2060 JV.
1572 2029 1645 2062 121.
1665 2028 1699 2061 b.

205 2146 276 2189 88.
300 2143 352 2185 A.
376 2143 422 2185 P.
446 2143 496 2185 R.
521 2143 578 2185 M.
605 2149 861 2189 pastoralis
881 2151 1018 2201 officie·
1037 2162 1165 2190 cura.
1189 2171 1214 2177 —
1244 2146 1361 2188 Paul.
1388 2147 1438 2199 V,
1462 2147 1700 2200 petentibus

124 2211 187 2254 Ol.
211 2214 427 2267 Aquaviva
453 2215 521 2256 Pr.
545 2214 650 2257 Gen.
676 2216 716 2258 S.
742 2216 774 2258 I.
801 2222 843 2258 et
864 2222 1024 2258 rectore
1060 2217 1170 2259 dom.
1195 2217 1312 2269 prob.
1338 2219 1380 2258 in
1402 2218 1481 2259 ciV.
1506 2217 1700 2258 Adriensi

124 2287 165 2325 et
185 2284 427 2338 Praeposito
449 2290 490 2327 et
511 2286 674 2327 clericis
704 2288 1034 2340 congregationis
1065 2289 1236 2330 oratorii
1266 2288 1306 2330 S.
1331 2288 1388 2330 M.
1414 2290 1457 2329 in
1480 2288 1699 2330 Vallicella

122 2354 174 2396 de
195 2354 326 2407 Urbe,
349 2355 538 2398 dissolvit
567 2358 763 2398 unionem
794 2360 1037 2400 monasterii
1060 2359 1101 2400 S.
1125 2359 1293 2400 Ioannis
1320 2360 1364 2400 in
1386 2359 1549 2401 Venere
1570 2374 1694 2401 nunc.

124 2425 171 2466 O.
196 2425 236 2468 S.
261 2425 362 2468 Ben.
388 2427 581 2469 Theatin.
617 2429 750 2470 dioec.
773 2443 868 2470 cum
899 2429 938 2471 d.
963 2431 1281 2483 congregatione
1312 2445 1420 2485 quae
1441 2431 1492 2472 ob
1512 2431 1700 2473 locorum

125 2495 366 2538 distantiam
387 2498 601 2540 commode
622 2499 735 2541 illius
766 2514 890 2541 curae
912 2501 1129 2542 attendere
1159 2503 1320 2556 nequit,
1344 2503 1518 2556 unitque
1540 2515 1635 2543 cum
1656 2501 1696 2542 d.

126 2566 247 2608 domo
266 2567 384 2620 prob.
407 2568 477 2610 Fr.
500 2569 554 2610 ad
576 2571 680 2612 1500
702 2570 746 2612 fl.
767 2572 918 2613 taxati.

124 2631 170 2666 R.
188 2644 245 2675 ap.
268 2633 303 2668 S.
324 2633 365 2667 P.
385 2634 471 2669 XIV
489 2634 561 2669 kal.
582 2635 669 2670 Nov.
691 2640 774 2672 1609
792 2637 832 2671 Ρ.
854 2648 911 2671 an.
932 2638 974 2672 V.

1328 2753 1414 2796 Rey.
1435 2753 1521 2787 buzz.
1542 2753 1606 2786 IV.
1628 2755 1688 2787 131

208 2866 280 2909 89.
307 2871 563 2911 Pastor-alis
591 2872 728 2923 officii
755 2872 968 2914 debitum.
992 2895 1018 2901 -
1037 2870 1157 2913 Paul.
1181 2871 1216 2912 V
1248 2871 1414 2913 officiali
1442 2871 1481 2912 N
1485 2885 1698 2914 emausen.

128 2935 353 2976 committit
386 2941 434 2977 ut
468 2951 563 2978 cum
598 2938 719 2980 domo
753 2939 871 2993 prob.
910 2939 950 2981 S.
983 2939 1018 2982 Ι.
1052 2940 1289 2982 Tholosana
1323 2943 1443 2983 uniat
1470 2943 1701 2995 prioratum

128 3003 171 3049 S.
195 3005 308 3047 Petri
328 3006 379 3048 de
400 3006 624 3061 Meyruyes
658 3009 706 3051 Ο.
730 3009 771 3059 S.
795 3010 897 3053 Ben.
922 3011 960 3052 N
964 3025 1178 3054 emausen.
1202 3012 1334 3056 dioec.
1358 3026 1384 3054 a
1415 3015 1485 3056 Fr.
1508 3013 1560 3054 de
1589 3014 1701 3058 Rons
