1989 3252
249 169 392 213 Pauli
410 169 463 212 V.
924 193 979 199 —
1007 170 1087 212 280
1117 194 1170 199 —
1713 171 1834 215 1617.

252 269 302 296 ea
332 255 504 296 civitate
534 267 610 308 per
639 254 770 297 Henr.
803 256 862 298 IV
893 257 1066 299 fundato
1107 257 1179 299 sed
1208 271 1283 311 per
1317 257 1682 311 supervenientem
1716 258 1841 301 huius

252 331 430 368 mortem
461 327 511 368 de
542 327 765 369 sufficienti
794 329 932 370 reditu
962 343 1046 371 non
1074 330 1256 383 proviso,
1287 330 1407 370 uniat
1436 329 1668 382 prioratum
1697 329 1744 371 B.
1780 330 1838 372 M.

252 397 528 451 Magdalenae
560 399 604 438 in
632 397 778 440 Monte
808 399 986 441 duorum
1016 402 1250 441 amantium
1286 400 1335 442 O.
1369 399 1409 442 S.
1443 400 1549 453 Aug.
1584 413 1676 442 can.
1709 401 1839 454 regul.

253 467 557 521 Rothomagen.
600 468 753 522 dioec.,
794 483 820 511 a
858 469 1011 512 Iacobo
1051 470 1101 512 de
1146 471 1188 512 la
1225 470 1349 512 Ferte
1388 470 1527 524 presb.
1569 471 1840 524 resignatum.

255 539 324 580 Fr.
346 541 416 581 24.
440 539 534 581 duc.

254 606 295 640 R.
315 617 374 650 ap.
395 606 431 641 S.
451 606 502 640 M.
521 607 570 641 M.
591 607 665 641 kal.
687 607 786 651 Sept.
807 610 890 643 1617
910 608 952 641 Ρ.
971 619 1031 644 an.
1049 608 1146 644 XIII.

1087 685 1175 729 Ray.
1197 685 1285 720 bule.
1307 685 1374 718 IV.
1394 688 1470 721 304.
1491 686 1614 719 Fund.
1630 696 1690 729 pr.
1712 686 1846 720 Franc.

339 795 439 838 198.
477 799 633 849 Eoez'yz't
654 796 971 838 incumbentis.
997 793 1116 835 Paul.
1140 793 1192 845 V,
1217 794 1457 847 petentibus
1488 794 1636 848 Praep.
1669 793 1775 835 Gen.
1807 798 1850 835 et

257 869 420 905 rectore
438 868 481 905 et
502 864 790 918 collegialibus
808 865 904 906 coll.
925 864 966 907 S.
986 865 1021 906 I.
1042 866 1084 905 in
1101 865 1191 906 loco
1209 865 1446 907 d'Aubenas
1464 865 1674 907 Vivarien.
1697 865 1848 919 dioec.,

258 934 428 976 officiali
467 934 682 977 Vivarien.
726 936 899 977 mandat
937 943 984 976 ut
1023 950 1117 976 cum
1158 936 1200 976 d.
1242 936 1418 989 collegio
1457 937 1577 978 uniat
1620 937 1851 990 prioratum

260 1005 302 1048 S.
326 1004 472 1047 Crucis
493 1006 542 1048 O.
567 1007 608 1049 S.
634 1006 737 1049 Ben.
763 1007 802 1049 d.
829 1007 960 1049 dioec.
988 1022 1013 1049 a
1033 1007 1191 1049 Ioanne
1216 1008 1266 1049 de
1287 1007 1464 1050 Modene
1485 1009 1636 1050 clerico
1666 1022 1741 1062 per
1761 1023 1854 1062 pro-

260 1081 496 1118 curatorem
525 1077 727 1119 Ioannem
768 1077 990 1120 Marchant
1020 1079 1293 1132 resignatum,
1334 1092 1417 1120 non
1451 1079 1786 1132 conventualem,
1828 1093 1855 1121 a

261 1153 440 1190 monast.
474 1149 606 1191 Casae
642 1149 718 1191 Dei
748 1164 873 1192 nunc.
899 1150 940 1191 d.
973 1150 1073 1192 Ord.
1106 1149 1417 1192 Claromonten.
1452 1151 1584 1192 dioec.
1618 1151 1855 1204 dependen-

264 1225 365 1272 tem,
389 1222 510 1262 cuius
531 1221 579 1262 fr.
607 1223 662 1264 24
681 1221 777 1263 duc.

263 1287 307 1322 R.
328 1298 385 1330 ap.
407 1287 444 1323 S.
463 1288 512 1323 M.
536 1288 584 1322 M.
604 1288 635 1323 V
654 1288 728 1321 kal.
749 1288 828 1322 Oct.
851 1291 934 1324 1617
954 1289 994 1322 Ρ.
1015 1300 1074 1322 an.
1095 1289 1192 1324 XIII.

1525 1367 1612 1411 Rey.
1631 1367 1718 1400 bull.
1743 1366 1781 1400 V.
1803 1368 1857 1402 10.

349 1477 452 1520 199.
486 1482 683 1519 Romam·
733 1478 973 1530 pontificis
1014 1479 1325 1532 providentia.
1370 1501 1395 1506 -
1434 1475 1539 1516 Paul
1596 1475 1648 1528 V,
1690 1479 1860 1529 petente

268 1545 481 1587 Ludovico
503 1546 608 1587 duce
639 1545 690 1588 de
720 1546 925 1599 Spernon,
958 1547 1036 1588 civ.
1072 1552 1114 1588 et
1142 1560 1256 1599 prov.
1292 1546 1530 1588 Xantonen.
1557 1561 1629 1600 pro
1651 1546 1860 1588 Ludovico

268 1617 471 1659 Franciae
493 1631 589 1670 rege
609 1617 889 1670 gubernatore
909 1622 999 1659 tam
1022 1632 1096 1660 suo
1118 1632 1244 1672 quam
1277 1618 1400 1659 Mutii
1432 1618 1677 1659 Vitelleschi
1708 1618 1858 1671 Praep.

267 1687 373 1729 Gen.
398 1687 439 1729 S.
463 1687 498 1729 I.
522 1688 777 1739 nominibus,
800 1688 971 1730 officiali
993 1689 1230 1731 Xantonen.
1257 1690 1427 1730 mandat
1447 1693 1495 1731 ut
1524 1691 1757 1743 prioratum
1788 1703 1862 1730 seu

273 1759 490 1800 abbatiam
512 1759 561 1800 B.
588 1760 636 1801 V.
663 1759 719 1801 M.
746 1760 796 1801 de
817 1760 859 1801 la
881 1760 1069 1801 Tenaille
1091 1767 1134 1802 et
1154 1761 1194 1803 S.
1220 1760 1385 1813 Georgii
1405 1762 1617 1814 prioratus
1638 1761 1737 1802 olim
1766 1775 1860 1802 con-

268 1830 490 1872 ventuales
506 1845 588 1872 non
603 1834 747 1872 tamen
761 1831 958 1872 electivos
976 1832 1016 1874 S.
1031 1832 1134 1874 Ben.
1147 1833 1274 1874 etiam
1285 1832 1473 1875 Cluniae.
1485 1833 1688 1874 Ordinum
1699 1846 1862 1886 respec-

270 1902 357 1942 tive
387 1901 628 1944 Xantonen.
661 1904 739 1944 civ,
783 1903 848 1944 vel
890 1903 1109 1956 dioecesis,
1152 1904 1251 1946 olim
1288 1905 1558 1958 despoliatos,
1596 1919 1668 1959 per
1703 1904 1863 1946 obitum

272 1973 416 2015 Iacobi
439 1973 618 2022 Quatrix
639 1979 680 2015 et
699 1973 854 2015 Iuliani
875 1974 941 2015 Du
972 1975 1114 2017 Breuil
1146 1977 1331 2030 priorum
1362 1990 1387 2017 a
1415 1979 1468 2018 40
1499 1977 1619 2018 annis
1649 1981 1863 2029 vacantes,

272 2059 367 2086 cum
400 2045 494 2086 coll.
534 2044 771 2093 Xantonen.
797 2046 839 2088 S.
862 2046 895 2088 I.
921 2048 1055 2089 uniat.
1079 2047 1147 2089 Fr.
1181 2049 1400 2102 cuiusque,
1432 2049 1627 2103 expensis
1657 2048 1864 2100 deductis,

275 2118 329 2159 24
349 2117 446 2158 duc.

277 2183 319 2217 R.
340 2195 398 2226 ap.
420 2183 455 2217 S.
476 2184 526 2218 M.
545 2184 596 2219 M.
617 2183 665 2219 VI
683 2183 729 2218 id.
751 2185 841 2218 Nov.
864 2186 948 2219 1617
967 2185 1008 2219 Ρ.
1028 2196 1087 2220 an.
1108 2186 1205 2221 XIII.

1559 2259 1646 2301 Req.
1666 2258 1754 2291 buil.
1779 2258 1816 2292 V.
1839 2261 1870 2294 l.

360 2366 468 2409 200.
505 2366 576 2406 Ad
606 2366 882 2420 apostolicae
911 2367 1153 2421 dlfflzz'latz's
1182 2371 1371 2422 apicem.
1406 2391 1431 2397 -
1461 2367 1566 2408 Paul
1617 2367 1665 2420 V,
1698 2372 1869 2421 petente

278 2448 421 2487 praep.
446 2448 537 2487 gen.
565 2434 605 2475 S.
631 2434 664 2475 Ι.
691 2435 863 2476 mandat
884 2436 1053 2477 officiali
1077 2436 1279 2478 I'arisien.
1304 2443 1350 2477 ut
1370 2439 1600 2490 prioratum
1632 2438 1773 2492 oppidi
1794 2453 1868 2480 seu

278 2505 357 2547 loci
379 2506 430 2547 de
451 2506 665 2559 Pompona
692 2506 741 2548 O.
775 2507 816 2549 S.
851 2508 956 2560 Aug.
991 2523 1083 2550 can.
1116 2509 1246 2562 regul.
1282 2509 1470 2551 Parisien
1500 2510 1651 2562 dioec.,
1683 2511 1735 2552 ab
1766 2511 1865 2553 Ant.

278 2577 436 2619 Bernez
467 2591 541 2619 seu
578 2578 628 2618 de
664 2578 822 2619 Bernez
858 2579 897 2620 d.
933 2580 1030 2622 Ord.
1065 2595 1139 2634 per
1173 2587 1486 2634 procuratorem
1520 2582 1649 2624 Suum
1684 2582 1870 2624 Ioannen

279 2648 503 2690 Marchant
522 2650 777 2702 resignatum
800 2664 825 2691 a
848 2653 1101 2693 monasterio
1128 2654 1389 2695 Ruricurten.
1414 2654 1520 2694 alias
1541 2655 1584 2694 in
1615 2655 1745 2696 Bosco
1777 2655 1870 2696 Bel-

279 2733 426 2761 vacen.
451 2720 584 2761 dioec.
610 2720 921 2773 dependentem
945 2737 1040 2763 cum
1064 2723 1238 2777 collegio
1259 2724 1300 2765 d.
1325 2724 1417 2766 Soc.
1442 2724 1716 2766 Ambianensi
1736 2726 1868 2768 uniat.

281 2790 349 2831 Fr.
376 2793 429 2831 24
450 2790 544 2832 duc.
569 2791 757 2833 Accedat
777 2806 1002 2834 consensus
1032 2794 1202 2835 Ioannis
1232 2795 1480 2836 Plantanitii
1509 2796 1651 2837 clerici
1681 2798 1874 2850 perpetui

281 2861 628 2902 commendatarii
650 2862 690 2903 d.
715 2865 959 2905 monasterii
980 2869 1022 2905 et
1042 2870 1286 2907 conventus.

285 2927 323 2961 R.
345 2939 402 2971 ap.
424 2927 459 2962 S.
479 2928 528 2962 Μ.
549 2929 599 2963 Μ.
620 2929 673 2964 IX
692 2928 764 2963 kal.
785 2931 869 2964 Dec.
893 2932 976 2965 1617
996 2931 1035 2965 P.
1060 2942 1118 2965 an.
1140 2931 1240 2966 XIII.

1441 3009 1529 3054 Ray.
1549 3009 1637 3044 buce.
1657 3009 1721 3044 JV.
1742 3012 1819 3045 292.
1840 3011 1860 3044 b
