1989 3252
253 149 397 192 Clem.
418 146 549 191 VIII.
924 170 979 176 —
1007 147 1089 187 532
1119 170 1172 175 -
1710 147 1841 191 1603.

250 232 546 286 Evangelistae
582 231 632 273 de
668 232 841 273 Aurelio
865 232 914 273 O.
939 231 965 274 S
1002 232 1109 284 Aug.
1147 230 1412 273 Lemovicen.
1449 231 1585 274 dioec.
1622 236 1842 274 vacantem

251 319 325 359 per
346 305 508 346 obitum
538 303 719 344 Simonis
750 302 902 356 Palays
932 303 1075 344 clerici
1106 302 1281 356 collegio
1313 303 1353 345 S.
1379 303 1415 344 I.
1438 303 1483 343 in
1504 303 1674 345 civitate
1694 303 1842 345 Lemo-

252 377 386 417 vicen.
410 375 606 416 instituto
629 379 844 416 annectat.

250 442 295 477 R.
315 453 375 485 ap.
396 441 433 476 S.
454 441 495 475 P.
518 440 548 473 V
566 439 640 475 kal.
661 439 767 474 Febr.
791 442 874 474 1600
894 439 934 472 P.
953 450 1013 474 an.
1033 439 1099 475 IX.

1188 547 1311 582 Fund.
1331 548 1497 592 Aquitan
1514 554 1538 583 t.
1557 548 1590 583 I.
1611 549 1840 585 Lemovicen.

336 659 456 705 165.2
487 656 691 699 Camillus
724 657 793 698 tit.
814 656 886 698 SS.
919 656 1090 698 Ioannis
1121 659 1165 698 et
1197 655 1320 697 Pauli
1360 655 1483 698 Card.
1522 655 1778 710 Burghesius
1799 660 1843 699 et

253 731 472 774 Odoardus
493 729 534 772 S.
559 729 776 770 Eustachii
795 728 998 770 diaconus
1027 728 1151 770 Card.
1175 726 1417 780 FarnesiuS,
1441 728 1627 769 nationis
1657 728 1841 781 anglica-

252 817 333 845 nae
353 806 581 856 protector,
608 800 781 853 Aegidio
802 799 1105 841 Schondoncho
1128 798 1165 840 S,
1192 798 1228 840 Ι.
1251 798 1415 852 collegii
1445 799 1689 852 Anglorumr
1704 799 1843 840 Audo-

254 873 552 928 moropolitani
583 873 626 912 in
657 872 800 925 Belgio
831 872 985 912 rectori
1015 871 1329 912 communicant
1357 871 1578 924 privilegia
1597 871 1800 913 nonnulla
1819 885 1845 912 a

253 948 375 1000 Greg.
408 945 514 986 XIII
534 943 708 997 collegio
731 943 961 996 Anglorum
993 943 1043 984 de
1073 942 1190 984 Urbe
1219 955 1434 995 concessa,
1456 943 1596 996 vigore
1626 942 1843 983 literarum

254 1025 393 1074 apost.
426 1016 655 1059 Clementis
688 1015 805 1068 VIII,
839 1018 862 1055 6
892 1015 974 1056 Iul.
1011 1017 1116 1057 1595
1152 1019 1193 1056 et
1235 1016 1284 1055 19
1320 1014 1428 1056 febr.
1455 1015 1577 1067 1600,
1600 1013 1842 1055 celebrandi

254 1092 336 1133 duo
358 1090 468 1132 festa
483 1088 525 1130 S.
545 1088 772 1141 Augustini
789 1087 1016 1140 Anglorum
1039 1086 1220 1140 apostoli
1241 1091 1283 1127 et
1298 1085 1338 1127 S.
1359 1084 1546 1127 Thomae
1568 1085 1843 1127 Cantuarien-

254 1166 310 1206 sis
331 1168 374 1205 et
394 1162 678 1215 indulgentias
699 1161 743 1202 in
763 1160 870 1201 festo
892 1159 934 1201 S.
960 1159 1182 1200 Trinitatis
1203 1162 1246 1199 et
1266 1157 1307 1200 S.
1332 1156 1518 1199 Thomae
1548 1170 1574 1198 a
1593 1156 1715 1210 Greg.
1739 1156 1844 1198 XIII

254 1237 279 1276 7
303 1235 392 1277 dec.
419 1235 525 1275 1580
546 1232 587 1275 d.
612 1232 708 1273 coll.
731 1231 784 1273 de
804 1230 921 1273 Urbe
941 1243 1162 1272 concessas
1183 1228 1390 1271 lucrandi.

253 1302 298 1338 R..
318 1313 361 1336 ex
379 1301 532 1336 aedibus
550 1299 683 1334 nostris
701 1301 743 1334 16
759 1300 865 1332 Mart.
886 1300 983 1332 1602.

1434 1403 1536 1446 Oriy.
1555 1406 1596 1437 in
1612 1404 1846 1448 Stonyhurst.

340 1520 456 1566 171.2
487 1518 538 1560 In
567 1532 662 1573 gen.
695 1531 835 1572 congr.
869 1531 1010 1559 coram
1046 1516 1181 1558 Clem.
1213 1514 1335 1567 VIII,
1375 1513 1511 1555 relata
1545 1512 1738 1554 doctrina
1774 1511 1843 1555 Fr.

258 1593 409 1636 Suarez
431 1591 473 1634 S.
497 1591 533 1633 I.
558 1595 606 1644 (t.
628 1592 671 1632 4.
695 1590 737 1630 in
769 1591 793 1630 3
814 1603 856 1643 p.
881 1588 924 1630 S.
958 1587 1036 1629 Th.
1060 1587 1169 1641 disp.
1192 1587 1261 1639 21,
1284 1590 1387 1627 sect.
1410 1587 1455 1639 4)
1476 1585 1521 1626 in
1550 1585 1730 1627 materia
1750 1597 1847 1625 con-

255 1663 447 1705 fessionis
467 1662 519 1703 de
539 1674 665 1703 sensu
685 1660 845 1702 decreti
865 1661 917 1700 20
939 1659 1028 1699 iun.
1055 1659 1177 1710 1602,
1202 1656 1442 1698 decernitur
1457 1662 1505 1696 ut
1532 1655 1641 1696 liber
1669 1666 1844 1707 suspen-

258 1734 397 1786 datur,
414 1734 617 1775 correctio
638 1731 911 1785 approbetur,
930 1729 1028 1771 libri
1045 1729 1230 1782 evulgati
1246 1728 1513 1781 colligantur.
1531 1726 1780 1768 Inhibeatur
1795 1738 1847 1766 ne

258 1806 441 1859 amplius
456 1804 614 1847 scribat
631 1803 694 1845 vel
710 1803 808 1845 edat
821 1802 952 1844 libros
968 1801 1020 1843 de
1035 1815 1069 1843 s.
1088 1800 1219 1843 theol.
1238 1800 1320 1841 nisi
1335 1813 1361 1841 a
1381 1797 1423 1841 S.
1446 1797 1598 1852 Congr.
1620 1796 1664 1840 S.
1682 1796 1843 1852 Inquis.

257 1877 523 1932 approbatos.

256 1944 331 1980 Ult.
350 1944 418 1979 Iul.
436 1945 533 1980 1603.

260 2054 439 2099 Comma,
460 2057 510 2088 th.
529 2052 658 2088 christ.
678 2052 819 2087 Romae
837 2052 921 2086 1750
939 2056 962 2086 t.
983 2050 1043 2084 IX
1055 2061 1092 2092 p.
1112 2052 1189 2085 607.
