1989 3252
258 227 401 271 Clem.
423 226 510 270 XI.
922 251 976 257 -—·
1005 228 1086 268 428
1116 251 1170 257 —
1715 231 1846 277 1701.

340 315 382 357 2.
416 313 465 353 A.
485 310 535 355 F.
557 311 606 354 R.
627 311 686 353 M.
707 320 759 356 In
781 320 924 370 apost.
949 317 1194 371 dz'ynz'tatz's
1212 319 1459 373 sastiyz'o.-
1475 315 1609 358 Clem.
1623 314 1684 357 XI
1699 317 1845 359 matri-

263 385 404 425 monia
426 385 468 425 in
489 383 635 435 Indiis‚
661 390 881 438 praetextu
908 385 1267 439 dispensationum
1289 400 1314 428 a
1334 387 1547 429 nonnullis
1576 387 1716 442 presb.
1741 387 1784 430 S.
1806 388 1841 430 Ι.

259 460 302 496 et
336 455 478 496 forsan
512 468 538 496 a
577 454 791 496 nonnullis
832 454 1066 496 Ordinariis
1107 469 1416 510 concessarum,
1453 462 1670 500 contracta
1706 458 1760 500 ab
1795 459 1848 501 iis

260 527 485 580 neophytis
506 527 578 581 qui
609 540 691 567 non
712 530 834 567 eraut
854 526 1071 579 originarii
1091 541 1165 581 per
1185 542 1330 571 omnes
1350 529 1484 570 lineas
1507 530 1630 584 quive
1659 544 1734 583 pro
1764 544 1850 573 una

260 598 469 640 duntaxat
503 603 623 652 parte
658 598 710 639 ab
753 597 870 639 Indis
909 598 1112 651 originem
1147 599 1389 653 trahebant,
1431 600 1554 654 vulgo
1593 603 1848 656 nuncupatis

263 675 568 716 omar-termes
590 669 655 710 vel
678 672 941 721 Puohveles,
965 669 1184 723 revalidat,
1208 671 1367 726 absque
1397 686 1447 714 eo
1468 672 1580 726 quod
1601 686 1733 714 novus
1753 687 1850 715 con-

259 753 405 781 sensus
425 743 680 793 praestetur,
702 739 924 793 prolesque
945 739 1155 792 legitimas
1176 742 1338 783 censeri
1359 741 1514 784 debere
1536 741 1739 784 decernit.

258 807 303 842 R.
323 818 381 849 ap.
403 808 438 841 S.
463 808 499 841 Ρ.
518 808 551 842 Π
569 809 658 849 Apr.
680 809 759 842 1701
784 807 823 841 Ι).
840 817 899 840 an.
918 806 945 842 1.

259 927 362 963 Buaz.
381 927 426 960 de
439 937 600 970 propag).
617 927 690 970 fide
706 926 760 961 II.
779 928 855 960 202.
1595 929 1747 964 Elench.
1767 930 1854 964 buu.

344 1061 386 1104 3.
420 1057 570 1111 Congr.
592 1058 642 1100 de
663 1071 781 1112 prop.
803 1057 901 1100 fide.
921 1083 947 1089 -
969 1059 1307 1115 Decretum‚quo
1324 1058 1503 1101 Ioannes
1525 1060 1576 1101 de
1594 1059 1740 1114 Bruyn
1756 1060 1798 1103 S.
1817 1061 1852 1104 Ι.

261 1129 501 1171 declaratur
535 1129 776 1182 praefectus
811 1130 927 1170 miss.
953 1129 994 1172 S.
1032 1129 1066 1170 Ι.
1096 1131 1140 1171 in
1176 1130 1298 1172 Prov.
1323 1129 1458 1183 Belgii
1492 1130 1719 1172 foederatis
1756 1145 1853 1173 cum

263 1202 518 1242 auctoritate
540 1214 590 1242 ea
611 1214 720 1254 quae
742 1200 794 1241 ad
824 1201 1039 1243 missionis
1059 1202 1245 1255 regimen
1265 1202 1529 1255 pertinent...
1555 1201 1851 1245 exercendi....

260 1272 337 1314 sub
359 1272 602 1314 omnimoda
623 1272 700 1313 vic.
727 1277 863 1325 apost.
889 1272 1249 1315 iurisdictione...
1274 1297 1299 1303 -
1322 1271 1415 1314 Car.
1441 1273 1555 1315 card.
1583 1273 1853 1328 Barberinus,

263 1344 396 1398 praef.
422 1343 467 1385 C.
494 1344 544 1386 A.
570 1343 602 1384 F
604 1343 788 1385 abronus
809 1357 914 1386 secr.

261 1414 301 1446 19
320 1412 408 1453 Apr.
432 1413 524 1444 1701.

1478 1524 1568 1567 Rey.
1590 1523 1678 1557 bun.
1704 1522 1786 1557 Vll.
1805 1525 1858 1558 73.

350 1662 392 1703 4.
426 1658 475 1700 In
510 1673 650 1712 congr.
689 1672 783 1711 gen.
823 1657 864 1700 S.
903 1657 953 1699 R.
996 1662 1038 1698 et
1072 1656 1126 1698 U.
1151 1656 1221 1699 I...
1247 1655 1288 1698 S.
1322 1655 1372 1697 D.
1406 1655 1459 1697 N.
1496 1655 1613 1708 Papa
1650 1655 1859 1696 concessit

265 1730 308 1770 P.
336 1730 485 1772 Ioanni
519 1730 571 1772 de
606 1730 751 1783 Bruyn
787 1729 827 1772 S.
853 1729 887 1771 I.
913 1729 1044 1782 praef.
1080 1729 1194 1770 miss.
1220 1729 1262 1769 in
1299 1727 1421 1769 Prov.
1456 1725 1592 1779 Belgii
1628 1725 1859 1767 foederatis

261 1802 486 1843 facultates
520 1802 574 1843 ad
608 1802 951 1843 triennium...··-
987 1800 1102 1842 card.
1142 1799 1428 1851 Mariscottus,
1461 1797 1497 1840 I.
1536 1797 1729 1839 Bartolus
1765 1800 1854 1838 not.

264 1872 367 1926 (Cfr.
394 1873 487 1915 Inn.
512 1872 595 1915 XII
617 1888 659 1916 n.
683 1876 769 1926 50).

264 1940 304 1972 F.
322 1943 342 1975 5
358 1939 416 1974 dic
434 1942 476 1975 28
493 1942 579 1983 Apr.
602 1943 697 1975 1701.

1467 2046 1555 2090 Ray.
1576 2045 1666 2079 buu,
1697 2044 1778 2078 VII.
1799 2046 1854 2079 72.

345 2184 388 2227 5.
421 2179 571 2235 Congr.
592 2194 676 2222 sac.
696 2181 763 2221 rit.
785 2205 810 2211 -
828 2179 1053 2221 Decretum
1075 2192 1150 2231 pro
1170 2178 1210 2220 S.
1231 2177 1264 2219 I.
1286 2176 1517 2219 concedens
1535 2174 1603 2218 off.
1624 2181 1668 2218 et
1682 2176 1854 2217 missam

265 2250 336 2294 SS.
359 2251 482 2293 Nom.
507 2251 603 2293 Iesu
626 2253 704 2292 sub
726 2252 810 2292 ritu
831 2250 948 2305 dupl.
975 2250 1151 2302 maiore,
1176 2248 1242 2290 die
1268 2249 1317 2289 14
1338 2247 1429 2289 Ian.

262 2321 303 2352 30
321 2320 408 2361 Apr.
431 2321 525 2353 1701.

260 2374 372 2407 Nota.
395 2377 411 2408 1
431 2373 509 2407 Oct.
531 2383 724 2407 concessus
743 2373 833 2407 ritus
852 2372 951 2414 dupl.
971 2374 991 2406 2
1009 2371 1150 2404 classis.

1591 2476 1745 2512 Elench.
1765 2475 1852 2510 hall.

341 2607 383 2649 6.
410 2607 732 2647 Ρνουῑιίεηίῑηθ
752 2605 969 2646 coelestis.
989 2625 1014 2631 -
1030 2600 1160 2642 Ulem.
1182 2599 1242 2641 XI
1259 2600 1439 2641 Antonio
1460 2597 1697 2640 Possaterio
1718 2594 1851 2637 Xansi

261 2676 498 2729 provinciae
519 2675 676 2715 vicario
693 2673 922 2727 apostolico
939 2672 1150 2725 significat
1166 2671 1349 2725 qualiter
1364 2670 1647 2723 indulgentias
1663 2667 1853 2722 proxime

258 2748 402 2801 elapso
424 2760 531 2788 anno
561 2745 734 2788 iubilaei
756 2745 932 2786 Romam
967 2743 1278 2785 confluentibus
1298 2755 1534 2793 concessas,
1559 2738 1851 2782 Christifideli-

259 2819 336 2860 bus
357 2820 448 2860 eius
469 2831 596 2859 curae
616 2817 851 2858 commissis
872 2815 1072 2868 elargitus
1095 2816 1150 2856 sit
1174 2814 1252 2855 sub
1273 2818 1391 2855 certa
1413 2813 1547 2854 forma
1567 2812 1688 2853 cuius
1710 2823 1853 2852 exem-

261 2890 355 2945 plar
375 2890 607 2931 transmitti
628 2888 858 2930 mandavit.

262 2957 305 2992 R.
324 2967 382 2998 ap.
403 2956 439 2989 S.
461 2956 501 2989 P.
521 2955 628 2990 XXV
647 2954 736 2989 Maii
756 2956 835 2989 1701
859 2953 898 2987 Ρ.
920 2963 978 2987 an.
997 2953 1023 2988 I.

1477 3059 1567 3102 Ray.
1588 3058 1676 3091 bull.
1702 3057 1777 3091 VII.
1798 3060 1851 3091 74.
