1989 3252
62 257 196 300 Alex.
221 256 326 300 VII.
732 277 787 282 —
815 253 895 292 383
924 276 979 281 —
1512 249 1634 294 1667.

61 356 213 383 munus
233 344 451 394 acceptare
472 342 514 380 in
533 340 630 380 virt.
654 339 694 380 S.
720 338 993 380 Obedientiae
1017 338 1219 390 praecipit
1239 343 1281 377 et
1310 341 1452 377 votum
1483 334 1534 376 de
1555 348 1638 375 non

63 411 322 465 acceptanda
342 411 430 452 ulla
451 411 654 463 dignitate
675 410 851 450 relaxat.

63 478 105 512 R.
125 489 182 520 ap.
203 477 239 512 S.
259 477 308 512 M.
331 478 378 510 M.
399 477 465 510 XV
481 476 559 510 Oct.
582 478 664 510 1666
686 475 722 509 Ρ.
742 486 800 509 an.
820 475 901 509 XII.

1278 549 1367 592 Req.
1385 547 1472 582 buu.
1500 547 1558 581 VJ.
1577 549 1642 582 213

142 664 214 708 92.
247 661 484 703 Facultates
523 674 744 703 concessae
783 674 808 701 a
846 659 916 701 SS.
960 659 1008 701 D.
1051 658 1105 700 N.
1147 657 1385 699 Alexandro
1433 657 1513 698 ΡΡ.
1555 656 1637 697 VII

63 732 111 775 P.
134 733 297 786 Ignatio
318 733 515 786 Pangallo
532 732 572 774 S.
592 732 625 773 I.
647 745 785 785 super.
805 732 1051 772 missionum
1067 729 1200 771 eiusd.
1219 729 1262 771 S.
1281 730 1324 769 in
1344 729 1491 769 insulis
1508 727 1638 769 Maris

63 805 189 857 Aegei
229 805 404 858 aliisque
442 803 624 845 Orientis
659 802 864 856 partibus.
902 827 928 832 —
963 802 1011 842 In
1046 814 1184 854 congr.
1221 814 1316 853 gen.
1345 799 1386 841 S.
1416 799 1466 841 R.
1505 804 1547 840 et
1580 798 1634 840 U.

61 874 154 928 Inq.
178 875 323 916 habita
342 875 385 915 in
405 875 489 928 pal.
514 878 648 927 apost.
674 872 786 926 apud
806 872 846 914 S.
873 873 930 913 M.
954 872 1012 913 M.
1038 871 1107 913 SS.
1133 871 1178 912 D.
1201 871 1307 913 N.
1327 870 1380 912 ad
1399 873 1426 911 4
1446 883 1591 912 annos.
1613 893 1639 900 -

64 945 186 987 Card.
211 945 480 987 Barberinus.
503 945 572 986 Fr.
595 944 824 986 Riccardus
844 943 940 985 Not.

62 1012 102 1046 F.
123 1011 166 1045 V.
187 1013 220 1046 d.
240 1012 273 1045 X
296 1012 403 1045 Febr.
425 1014 519 1046 1667.

60 1067 167 1101 Nota.
191 1066 346 1100 Eaedem
367 1068 433 1099 fac.
454 1066 512 1100 die
537 1066 572 1100 X
593 1065 679 1099 Maii
709 1067 790 1099 1667
808 1066 951 1098 fuerunt
971 1074 1164 1097 concessae
1184 1063 1222 1096 P.
1245 1063 1394 1097 Nicolao
1412 1061 1547 1096 Vabois
1564 1072 1636 1095 sac.

107 1121 143 1155 S.
162 1122 188 1156 I.
212 1132 331 1164 super.
355 1121 453 1155 miss.
473 1121 509 1154 in
529 1120 678 1155 Graecia
697 1120 741 1153 ad
760 1123 780 1154 3
797 1123 936 1154 tantum
956 1129 1080 1152 annos.

1258 1225 1345 1268 Rey.
1365 1225 1454 1258 bule.
1482 1224 1544 1258 VI.
1564 1226 1638 1259 184.

143 1340 214 1383 93.
248 1337 486 1379 Facultates
519 1349 738 1378 concessae
773 1349 798 1376 a
831 1334 872 1377 S.
903 1333 943 1376 S.
978 1334 1028 1376 D.
1066 1333 1118 1375 N.
1145 1333 1382 1374 Alexandro
1418 1332 1498 1374 ΡΡ.
1537 1331 1639 1373 VIII

61 1409 108 1451 P.
134 1409 308 1450 Nicolao
329 1408 547 1449 Poiresson
569 1421 655 1449 sac.
678 1406 718 1448 S.
743 1406 778 1448 Ι.
802 1420 941 1459 super.
964 1406 1080 1447 miss.
1106 1404 1237 1446 eiusd.
1261 1404 1359 1445 Ord.
1385 1405 1427 1445 in
1449 1404 1569 1457 Syria
1598 1407 1640 1445 et

61 1479 250 1522 Perside.
273 1505 299 1511 —
319 1480 366 1521 In
389 1493 528 1532 congr.
551 1492 630 1532 gen
637 1511 718 1520 .....
743 1477 796 1519 ad
817 1477 1100 1531 septennium.

60 1547 94 1580 d.
114 1546 148 1580 X
166 1546 257 1580 Maii
275 1549 371 1581 1667.

59 1601 170 1635 Nota.
190 1601 346 1636 Eaedem
367 1602 433 1634 fac.
455 1601 511 1635 die
539 1601 575 1635 X
594 1600 681 1634 Maii
709 1602 792 1634 1667
820 1599 966 1632 fuerunt
986 1608 1177 1632 concessae
1198 1597 1237 1631 P.
1259 1598 1401 1640 Filippo
1427 1596 1470 1631 de
1490 1596 1643 1630 Marinis

105 1667 178 1692 sac.
198 1656 234 1690 S.
252 1656 280 1690 I.
300 1667 421 1699 super.
441 1656 652 1690 missionum
672 1656 709 1689 in
727 1654 923 1698 provinciis
943 1653 1172 1693 Coeineinao,
1194 1652 1393 1695 Tuuchini,
1412 1659 1445 1686 et
1468 1652 1640 1694 Iaponiae

105 1711 149 1744 ad
168 1715 306 1754 septem
323 1722 436 1745 annos
455 1715 608 1745 tantum.

1261 1816 1334 1858 Rey
1366 1815 1454 1849 hall.
1484 1814 1539 1848 VI.
1562 1816 1634 1848 186.
