1989 3252
134 193 191 236 In
203 203 308 235 noc.
329 191 415 234 XI.
812 212 866 220 —
893 189 974 229 40¹7
1003 214 1057 219 -
1565 190 1695 233 1682.

123 275 221 318 Iesu
256 276 437 316 civitatis
470 275 735 317 Lemovicen.
773 280 971 316 annectat
1011 289 1092 329 quo
1131 275 1297 316 facilius
1343 275 1490 316 haberi
1530 274 1698 316 valeant

119 347 286 388 scholae
309 345 456 388 Theoi.
479 351 521 388 et
541 346 581 388 S.
606 347 845 400 Scripturae
866 360 939 400 pro
958 347 1123 388 clericis
1142 346 1183 388 d.
1206 346 1336 388 dioec.

118 414 160 448 R.
180 423 238 456 ap.
258 412 294 446 S.
314 412 356 446 P.
380 412 425 447 VI
441 413 490 446 id.
508 413 584 447 Ian.
606 415 689 448 1682
706 413 746 448 Ρ.
766 423 824 447 an.
846 412 922 447 VII.

1081 518 1204 555 Fund.
1224 520 1352 565 Aquit.
1372 526 1396 553 t.
1417 520 1448 552 Ι.
1468 521 1696 555 Lemovicen.

200 630 272 675 23.
305 627 346 669 S.
370 625 520 679 congr.
544 626 672 668 Conc.
694 650 721 656 -
747 625 970 667 Decretum
1004 626 1048 666 in
1082 625 1350 669 Mechlinien.
1375 627 1696 669 Ministrationis

120 699 190 742 SS.
213 699 348 741 Euch.
372 698 658 749 Sacramenti3
682 696 755 738 ubi
785 697 1024 738 declaratur
1056 711 1176 750 posse
1209 698 1421 751 regulares
1454 699 1694 741 ministrare

117 771 188 814 SS.
213 771 347 813 Euch.
371 770 483 812 Sacr.
508 782 533 810 a
552 768 763 810 dominica
783 768 1017 822 palmarum
1038 783 1170 822 usque
1190 774 1232 811 et
1252 783 1326 823 per
1354 774 1485 811 totam
1515 770 1694 812 domini-

119 856 213 884 cam
234 843 278 883 in
299 841 423 893 albis,
447 845 623 893 excepto
645 839 712 881 die
732 840 965 892 Paschatis‚
988 841 1048 880 ita
1080 844 1223 881 tamen
1257 846 1304 881 ut
1338 840 1576 882 saeculares
1612 855 1693 882 non

119 913 384 954 satisfaciant
402 915 626 965 praecepto
647 910 878 952 Ecclesiae.

115 983 154 1015 31
171 981 246 1015 Ian.
268 982 364 1015 1682.

1434 1086 1584 1120 Elench.
1604 1087 1693 1120 bull.

198 1198 270 1241 24.
302 1195 354 1236 A.
377 1193 424 1236 F.
448 1194 498 1236 R.
523 1193 581 1235 M.
609 1202 716 1239 Cum
736 1199 850 1238 secut
871 1196 1073 1237 dilectus.
1098 1218 1123 1223 -
1144 1192 1287 1234 Innoc.
1312 1192 1372 1234 XI
1398 1197 1568 1247 petente
1597 1207 1692 1247 pro-

112 1272 304 1310 curatore
324 1280 440 1320 prOV.
464 1266 627 1319 Anglic.
652 1266 692 1308 S.
717 1265 752 1307 I.
777 1265 967 1307 concedit
986 1279 1059 1319 pro
1080 1266 1272 1306 oratoriis
1300 1266 1474 1318 privatis
1504 1266 1691 1307 eiusdem

116 1339 228 1391 Soc„
266 1352 358 1380 cum
395 1337 533 1379 nullas
554 1337 689 1379 adhuc
712 1337 910 1378 ecclesias
930 1335 1119 1390 publicas
1148 1336 1320 1388 habeat,
1343 1343 1390 1377 ut
1410 1336 1692 1389 indulgentias

113 1410 267 1452 lucrari
287 1409 457 1450 valeant
476 1407 620 1450 fideles
640 1422 743 1462 quas
764 1409 1030 1449 lucrarentur
1050 1408 1093 1448 in
1114 1407 1294 1461 publicis
1328 1407 1369 1449 d.
1406 1407 1446 1450 S.
1482 1408 1687 1449 ecclesiis.

109 1481 175 1523 Ad
195 1481 474 1534 septennium.

117 1549 159 1583 R.
179 1559 236 1591 ap.
256 1547 291 1581 S.
312 1547 354 1581 P.
374 1547 423 1582 VI
440 1547 527 1581 Feb.
551 1549 631 1582 1682
650 1546 692 1581 P.
709 1557 768 1579 an.
789 1546 847 1581 VI.

1279 1654 1378 1697 Origl.
1399 1657 1439 1688 in
1457 1655 1689 1696 Sconyhurst.

189 1771 260 1814 25.
294 1768 344 1810 Α.
382 1768 428 1809 F.
467 1767 518 1810 R.
556 1767 614 1809 M.
652 1770 783 1811 Alias
814 1770 964 1822 felicis
996 1769 1344 1810 reeordationis.
1383 1791 1408 1797 —
1442 1766 1585 1810 Innoc.
1627 1767 1688 1809 XI

107 1840 349 1881 facultatem
381 1853 620 1881 concessam
659 1852 685 1879 a
718 1836 931 1879 Clemente
962 1837 1042 1879 PP.
1066 1837 1104 1877 X
1139 1837 1193 1878 ad
1225 1851 1365 1891 preces
1400 1837 1687 1881 Procuratoris

106 1911 282 1964 Hispan.
307 1915 349 1952 et
369 1910 526 1951 Indiar.
551 1910 592 1951 S.
613 1909 646 1950 I.
667 1923 740 1963 pro
756 1909 953 1962 gradibus
974 1909 1225 1950 academicis
1242 1909 1285 1949 in
1301 1909 1486 1961 collegiis
1502 1909 1543 1951 S.
1568 1910 1685 1951 Fidei

104 1986 146 2023 et
188 1982 356 2031 Quiten.
409 1982 626 2022 civitatum
666 1986 861 2034 prorogat
900 1980 1159 2033 ampliatque
1199 1979 1251 2020 ad
1290 1980 1533 2021 facultatem
1581 1981 1684 2022 iuris

103 2066 251 2095 canon.
276 2052 341 2093 Ad
362 2052 622 2094 decennium.

102 2118 145 2153 R.
164 2129 222 2162 ap.
242 2118 278 2153 S.
299 2119 340 2152 P.
359 2118 428 2153 XV
447 2117 535 2152 Maii
555 2120 636 2153 1682
653 2118 695 2152 Ρ.
714 2129 773 2152 an.
794 2117 854 2153 VI.

1288 2224 1411 2259 Fund.
1431 2225 1529 2259 Novi
1545 2226 1679 2270 Requi.

179 2347 250 2391 26.
289 2353 395 2390 Cum
418 2351 541 2389 inter
560 2347 875 2389 venerabilem.
899 2369 925 2375 —
945 2344 1180 2385 Innocentii
1200 2343 1260 2384 XI
1291 2343 1428 2394 breve,
1460 2344 1679 2385 continens

98 2415 265 2457 decreta
298 2416 415 2456 varia
448 2429 523 2469 pro
576 2414 771 2456 sedandis
819 2415 1110 2456 controversiis
1158 2415 1268 2455 inter
1315 2414 1676 2468 archiepiscopum

94 2485 366 2528 Mechlinien.
393 2491 434 2527 et
452 2486 664 2539 regulares
684 2494 916 2540 exemptos

92 2554 134 2587 20
150 2552 237 2586 Maii
255 2555 350 2588 1682.

1412 2659 1564 2693 Elench.
1584 2659 1672 2695 buli.

177 2782 243 2824 27.
278 2782 545 2823 Societatem
565 2786 679 2823 Iesu.
703 2803 729 2809 -
748 2778 890 2820 Innoc.
913 2776 974 2819 XI
994 2777 1204 2831 Leopoldo
1224 2776 1362 2830 Hung.
1382 2781 1424 2818 et
1443 2777 1669 2819 Bohemiae

93 2851 179 2903 regi
199 2850 352 2891 illustri
373 2850 417 2890 in
437 2849 556 2890 Rom.
580 2849 689 2902 Imp.
714 2849 862 2901 electo,
885 2848 1134 2890 Societatem
1151 2848 1247 2889 Iesu
1262 2849 1382 2889 cuius
1397 2849 1553 2889 eximia
1569 2861 1667 2900 erga

89 2921 203 2962 Eccl.
228 2921 305 2962 Dei
324 2921 553 2974 promerita
573 2920 896 2971 commendavit,
918 2919 1079 2971 laudat,
1101 2933 1184 2960 non
1200 2920 1395 2972 ignorans
1410 2932 1518 2973 quae
1534 2932 1664 2972 quan-

88 2997 214 3046 taque
235 3006 310 3046 pro
331 2997 445 3034 recta
465 2991 792 3033 adolescentium
823 2991 1100 3042 institutione,
1132 3004 1206 3044 pro
1236 2990 1402 3031 assiduo
1432 2977 1663 3031 catholicae
