1989 3252
82 168 258 214 Urban.
279 168 409 214 VIII.
755 193 805 200 —-
834 170 912 210 339
943 194 997 199 ——
1534 171 1666 216 1634.

79 267 229 295 comm.
252 255 456 306 generalis
485 255 563 295 sub
583 255 851 296 invocatione
879 255 925 296 B.
952 255 1007 297 M.
1034 256 1210 297 Pietatis
1231 269 1355 298 nunc,
1380 260 1421 296 et
1440 254 1480 297 S.
1504 255 1537 296 F
1539 270 1638 297 ranc

81 323 250 365 Xaverii
270 326 467 366 canonice
488 326 706 366 institutae
728 330 770 366 et
790 327 1014 379 primariae
1035 327 1183 379 Congr.
1215 330 1426 379 Assumpt.
1452 327 1499 368 B.
1523 326 1579 367 M.
1606 327 1659 369 V.

82 400 327 448 aggregatae
347 396 563 449 applicati,
587 397 804 438 confirmat
826 397 1004 449 indulta,
1028 403 1250 451 postquam
1272 397 1325 438 ad
1346 398 1473 438 situm
1496 411 1521 438 a
1540 403 1660 451 parte

82 467 254 507 orientis
273 468 341 507 via
373 467 621 508 intermedia
641 467 894 508 disiunctum
914 469 1165 509 translatum
1187 472 1266 520 est,
1290 469 1390 509 licet
1411 469 1478 509 via
1498 468 1660 510 subter-

83 550 212 578 ranea
233 537 470 579 accedatur.

84 602 127 637 R.
145 613 202 645 ap.
223 602 258 636 S.
278 603 327 637 M.
347 603 394 638 M.
417 603 465 638 VI
482 605 576 647 Aug.
599 606 684 639 1633
702 604 743 638 Ρ.
763 615 821 638 an.
844 605 908 639 XI.

1267 728 1354 770 Ray.
1376 728 1464 762 buza.
1494 727 1549 761 VJ.
1569 729 1611 762 32
1628 727 1662 760 b.

166 847 266 890 146.
301 845 421 886 Card.
449 845 620 886 Antonii
641 844 861 887 Barberini
897 846 938 887 S.
965 845 1160 887 Honufrii
1196 861 1320 888 nunc.
1347 847 1559 888 decretum
1580 859 1662 899 quo

81 915 280 958 Urbanus
301 915 403 956 VIII
425 916 601 968 benigne
623 918 770 957 annuit
792 922 837 958 ut
869 917 972 958 Lnd.
998 915 1146 958 Ruffus
1172 918 1471 958 Avenionensis
1500 916 1661 970 ingredi

84 988 222 1029 valeat
256 987 297 1029 S.
321 987 375 1038 I.,
408 1000 490 1028 non
524 987 716 1028 obstante
751 988 1050 1040 impedimento
1090 989 1277 1041 originis,
1301 1002 1451 1041 nempe
1485 988 1585 1041 quia
1613 1001 1664 1028 ex

84 1059 214 1100 latere
248 1062 439 1099 materno
474 1059 692 1111 proveniat
727 1072 751 1098 a
785 1059 1025 1099 christianis
1064 1059 1180 1099 novis
1216 1060 1331 1111 regni
1365 1058 1663 1111 Portugalliae,

87 1142 211 1182 super
247 1142 343 1182 quo,
367 1128 591 1170 dummodo
626 1130 802 1170 caeteris
837 1129 1115 1182 qualitatibus
1146 1130 1196 1169 sit
1233 1129 1343 1170 idem
1378 1129 1427 1170 R.
1452 1128 1666 1182 praeditus

86 1200 139 1240 ad
160 1200 464 1253 praescriptum
485 1199 854 1251 Constitutionum‚
879 1200 1073 1241 Pontifex
1098 1201 1186 1252 ipse
1208 1199 1438 1252 dispensat.

48 1270 55 1275 '
85 1268 127 1300 28
145 1265 243 1308 Sept.
265 1268 360 1300 1633.

1415 1386 1563 1422 Elench.
1582 1387 1669 1421 bull.

171 1509 269 1552 147.
304 1512 487 1564 Eaeponz'
522 1510 651 1552 nobis
689 1523 848 1564 nuper.
887 1532 912 1537 -
948 1506 1104 1549 Urban.
1147 1506 1266 1558 VIII,
1302 1511 1470 1560 petente
1509 1510 1668 1547 rectore

89 1580 317 1620 novitiatus
352 1578 392 1620 S.
423 1578 458 1619 Ι.
496 1578 744 1628 Florentin.,
774 1579 944 1619 mandat
979 1579 1290 1631 archiepiscopo
1325 1577 1357 1618 F
1361 1578 1554 1618 lorentin.
1592 1590 1666 1617 seu

90 1650 179 1690 eius
213 1650 293 1691 vic.
316 1663 410 1702 gen.
434 1655 482 1690 ut
515 1649 744 1690 concedant
779 1650 993 1691 licentiam
1028 1649 1284 1702 transigendi
1320 1662 1415 1689 cum
1452 1648 1670 1688 Michaelis

90 1719 188 1761 Vaiz
210 1720 260 1761 de
281 1720 468 1762 Andrata
497 1720 677 1762 haerede
700 1720 925 1761 Michelino
957 1720 1057 1762 Vaiz
1080 1721 1130 1761 de
1162 1720 1350 1760 Andrata
1372 1733 1445 1772 pro
1467 1733 1664 1760 consecu-

87 1792 201 1832 tione
221 1791 370 1832 crediti
394 1793 525 1833 16000
547 1791 641 1833 duc.
665 1806 718 1832 ex
747 1796 997 1833 testamento
1028 1791 1132 1833 Ben.
1156 1789 1306 1833 Boffoli
1328 1792 1399 1844 qni
1420 1790 1459 1831 d.
1486 1790 1661 1830 novitia-

90 1866 180 1903 tum
202 1863 245 1902 in
267 1863 435 1916 propria
456 1862 577 1904 domo
604 1864 647 1903 in
670 1863 875 1904 limitibus
896 1863 1065 1916 paroch.
1099 1863 1203 1903 eccl.
1228 1876 1301 1903 sen
1324 1861 1466 1915 populi
1490 1860 1531 1902 S.
1556 1860 1669 1901 Petri

93 1934 266 1975 Maioris
289 1948 412 1975 nunc.
437 1934 642 1976 fundavit.

91 2000 136 2035 R.
155 2011 211 2043 ap.
234 1999 269 2034 S.
291 2000 340 2035 M.
365 2000 410 2033 M.
431 2001 538 2035 XXX
557 2000 653 2043 Sept.
680 2002 760 2035 1633
780 2001 819 2034 P.
843 2012 902 2034 an.
922 2001 985 2035 XI.

1283 2121 1371 2164 Rey.
1390 2120 1477 2154 hall.
1502 2119 1562 2153 Vl.
1582 2121 1624 2154 33
1642 2120 1676 2152 b.

180 2243 278 2287 148.
311 2241 551 2283 Facultates
576 2253 796 2281 concessae
819 2253 844 2280 a
863 2238 904 2281 S.
928 2239 976 2280 D.
1004 2238 1055 2280 N.
1080 2238 1251 2280 Urbano
1274 2239 1356 2280 PP.
1380 2238 1483 2279 VIII
1504 2238 1550 2279 P.
1576 2239 1671 2278 Ant.

95 2313 247 2354 Rentio
277 2312 319 2354 S.
342 2312 374 2353 Ι.
401 2312 610 2353 destinato
645 2311 906 2352 missionario
927 2311 1005 2351 ciV.
1032 2310 1226 2363 Belgradi
1256 2314 1298 2351 et
1333 2310 1439 2350 alias
1460 2308 1673 2362 Ungariae

96 2393 251 2442 partes.
274 2413 328 2419 --
347 2388 396 2429 In
413 2402 550 2440 congr.
575 2387 616 2429 S.
641 2385 721 2428 Off.
745 2387 788 2427 in
804 2386 961 2439 palatio
984 2400 1050 2438 ap.
1071 2385 1181 2438 apud
1203 2385 1245 2427 S.
1266 2385 1450 2427 Petrum.
1473 2385 1522 2426 A.
1542 2383 1665 2425 Oard.

96 2459 378 2501 Barberinius.
401 2459 462 2501 Io.
487 2460 584 2500 Ant.
609 2458 649 2500 S.
674 2458 724 2499 R.
748 2463 790 2499 et
810 2457 848 2499 U
889 2457 980 2511 Inq.
1008 2457 1104 2498 Not.

97 2525 136 2558 F.
158 2526 188 2560 V
207 2526 239 2558 d.
261 2526 308 2559 Xl
328 2526 436 2560 Febr.
457 2528 555 2560 1634.

1278 2633 1365 2677 Rey.
1385 2632 1474 2667 bzcll.
1502 2632 1562 2666 VI.
1582 2634 1622 2666 30
1641 2632 1675 2665 b.

186 2756 285 2799 149.
316 2753 479 2796 Urbani
496 2753 600 2795 VIII
620 2758 888 2807 praeceptum
917 2753 1063 2806 Praep.
1088 2752 1282 2794 Generali
1312 2751 1352 2794 S.
1376 2751 1411 2793 I.
1437 2756 1482 2792 ut
1503 2750 1674 2792 mandet

100 2838 153 2866 ne
171 2826 216 2866 in
233 2839 359 2879 regno
380 2825 579 2867 Poloniae
601 2830 643 2866 et
675 2838 823 2877 magno
844 2824 1001 2866 ducatu
1038 2824 1288 2865 Lithuaniae
1323 2824 1454 2864 nostri
1490 2821 1674 2864 audeant

97 2909 236 2938 emere
254 2897 320 2938 vel
338 2897 464 2938 titulo
484 2897 804 2950 permutationis
838 2897 1052 2950 acquirere
1075 2895 1183 2936 bona
1218 2894 1403 2946 stabilia,
1427 2894 1503 2935 sub
1525 2893 1672 2946 poenis

98 2971 142 3008 et
159 2969 346 3009 censuris
366 2969 456 3021 ipso
489 2967 601 3008 facto
635 2966 911 3019 incurrendis,
934 2967 1014 3007 nisi
1049 2967 1138 3019 ipso
1173 2964 1368 3007 Generali
1406 2965 1596 3006 consulto
1633 2967 1675 3004 et

1578 3043 1620 3076 22
