1989 3252
8 159 13 162 ‘
83 198 223 243 Clem.
246 195 333 240 XI.
742 214 796 223 -
822 193 902 232 443
932 216 985 222 —
1521 188 1653 233 1712.

166 284 236 327 76.
271 280 418 334 Congr.
451 294 484 322 s.
517 281 585 321 rit.
618 283 661 321 et
694 278 780 320 ind.
804 303 829 308 -
858 277 1054 319 Patribus
1087 277 1127 319 S.
1159 277 1195 318 Ι.
1228 276 1392 329 collegii
1429 274 1500 317 SS.
1538 272 1653 314 Trin.

84 352 275 405 Lugduni
295 352 614 404 indulgentiam,
637 351 676 390 in
713 350 820 390 festo
856 349 896 390 S.
920 348 1072 389 Gabini
1106 353 1227 390 mart.
1254 348 1374 389 cuius
1407 347 1540 387 maior
1560 358 1658 398 pars

84 423 266 476 corporis
281 423 504 475 requiescit
514 423 557 462 in
568 420 761 474 cappella
771 419 986 471 ecclesiae,
997 433 1022 460 a
1037 421 1061 459 7
1079 420 1199 460 annis
1216 431 1456 460 concessam
1468 416 1659 458 renovari

83 493 323 547 petentibus
343 518 397 523 —
416 492 457 534 S.
482 492 523 535 S.
547 493 589 533 in
611 491 708 533 aud.
732 490 910 543 benigne
931 491 1080 531 annuit
1099 504 1172 543 pro
1193 489 1327 543 gratia
1347 489 1468 530 iuxta
1485 488 1630 541 petita.

84 562 126 593 22
142 559 221 595 Iun.
244 560 341 594 1712.

1514 661 1663 695 Bulbae.

167 777 231 820 77.
266 776 314 815 In
335 788 474 826 congr.
498 787 591 826 gen.
615 773 655 815 S.
675 773 711 814 R
750 773 860 814 etU.
893 773 982 814 1....
1007 772 1047 814 S.
1073 772 1122 813 D.
1148 771 1200 812 N.
1224 771 1430 812 concessit
1451 768 1663 823 supradic-

85 850 149 887 tas
169 845 393 886 facultates
415 845 555 897 (form.
579 845 700 897 impr.
725 846 814 885 in-8
837 858 878 885 n.
903 845 992 895 58.)
1015 843 1060 884 P.
1084 840 1263 895 Gaspari
1285 841 1336 882 de
1356 841 1537 893 Champs
1559 839 1601 881 S.
1626 838 1662 880 I.

86 917 298 970 praefecto
315 916 427 956 miss.
449 916 492 956 in
509 928 620 966 prOV.
642 913 773 968 Belgii
790 914 1015 955 foederatis
1031 913 1083 954 ad
1100 913 1379 954 triennium...
1398 936 1453 942 -—
1472 910 1521 952 G.
1540 909 1662 951 Card.

88 986 382 1038 Marescottus,
405 985 487 1027 Ios.
515 986 708 1027 Bartolus
728 989 814 1026 not.

89 1053 129 1087 F.
149 1055 168 1087 5
186 1052 243 1087 die
265 1055 303 1087 18
320 1053 413 1095 Aug.
436 1053 530 1086 1712.

1267 1154 1357 1197 Ray.
1378 1153 1466 1186 hall.
1494 1151 1572 1186 Vll.
1594 1153 1666 1185 123.

172 1267 228 1310 78
278 1271 374 1307 Non
395 1272 493 1307 sine
512 1272 664 1320 yram.
696 1288 721 1294 —
743 1262 875 1304 Clem.
901 1263 1092 1315 episcopo
1129 1260 1408 1313 Meliapuren.
1431 1263 1473 1300 et
1492 1258 1670 1299 caeteris

90 1336 264 1376 istarum
308 1336 488 1388 partium
530 1334 790 1375 antistitibus
831 1334 1048 1374 veritatem
1087 1338 1231 1376 contra
1269 1330 1419 1371 falsum
1462 1341 1669 1369 rumorem

90 1406 302 1447 decretum
326 1405 450 1446 Card.
473 1405 524 1446 de
547 1405 741 1447 Tournon
763 1407 815 1446 23
853 1404 944 1446 Iun.
974 1406 1077 1444 1704
1099 1403 1345 1455 abrogatum
1374 1406 1416 1442 et
1449 1400 1554 1440 ritus
1576 1412 1650 1452 per

92 1478 240 1519 missos
260 1477 388 1518 fuisse
410 1478 669 1518 innotescere
700 1477 889 1529 cupiens,
913 1476 1135 1517 coniuncta
1157 1474 1256 1514 folia
1278 1472 1422 1519 mittit,
1446 1484 1498 1511 ex
1520 1469 1673 1524 quibus

92 1549 326 1601 intelligent
346 1561 553 1602 quaenam
576 1549 630 1588 sit
652 1561 727 1588 sua
747 1561 880 1599 mens,
903 1546 1034 1587 donec
1054 1546 1179 1587 aliter
1200 1545 1462 1585 decernatur.

94 1615 136 1649 R.
156 1626 213 1657 ap.
235 1614 271 1649 S.
294 1615 340 1647 Μ.
361 1615 409 1648 M.
431 1614 533 1649 XVII
552 1614 648 1656 Sept.
670 1615 754 1648 1712
773 1613 812 1646 P.
833 1624 891 1646 an.
912 1612 993 1648 XII.

92 1724 191 1758 Buta.
211 1724 256 1757 de
269 1734 426 1767 propag.
448 1724 521 1766 fide
537 1723 609 1758 III.
632 1725 706 1758 171.

175 1834 245 1877 79.
282 1839 343 1874 La
365 1835 580 1888 maqyior
598 1834 928 1875 consolazz'one.
954 1855 979 1860 -
999 1828 1130 1870 Clem.
1150 1827 1209 1869 XI
1225 1828 1342 1869 Ioan.
1359 1828 1479 1880 Bapt.
1501 1825 1671 1868 Salerno

94 1901 135 1944 S.
159 1902 193 1943 I.
218 1902 425 1955 significat
445 1901 770 1943 consolationem
794 1915 845 1942 ex
867 1903 956 1942 eius
987 1900 1038 1941 ad
1069 1899 1191 1941 Card.
1218 1898 1425 1939 Albanum
1447 1897 1600 1938 litteris
1621 1895 1671 1936 de

96 1974 302 2026 Principis
337 1972 573 2014 electoralis
613 1972 822 2014 Saxoniae
862 1972 1131 2013 conversione
1171 1974 1429 2023 perceptam,
1471 1968 1671 2020 cupitque

96 2045 332 2097 Principem
355 2044 604 2096 amplexari.

94 2111 138 2146 R.
158 2121 216 2153 ap.
235 2110 271 2146 S.
292 2110 332 2144 P.
353 2110 477 2145 XXVI
495 2110 583 2142 Nov.
608 2109 748 2143 171212
768 2119 826 2142 an.
847 2108 926 2144 XII.

101 2218 211 2253 Clem.
231 2219 296 2253 XI.
321 2246 326 2251 .
346 2221 449 2260 epist.

179 2340 252 2383 80.
284 2341 479 2392 Scriptis
498 2344 599 2390 ναοὶ·
616 2338 1019 2380 christianissimo.
1054 2359 1078 2366 —
1114 2334 1244 2375 Clem.
1283 2332 1343 2374 XI
1384 2331 1583 2374 Michaeli
1616 2330 1675 2371 Le

99 2406 255 2448 Tellier
292 2404 332 2447 S.
376 2405 409 2446 I.
453 2405 597 2446 christ.
639 2405 749 2458 regis
787 2403 1042 2446 confessario
1081 2403 1252 2457 exponit
1290 2416 1399 2457 quae
1453 2403 1497 2443 in
1549 2413 1678 2442 causa

100 2476 387 2518 Emmanuelis
403 2475 627 2518 Theodosii
642 2474 765 2516 Card.
778 2475 961 2517 Bullonii
978 2488 1002 2515 a
1018 2474 1223 2515 saeculari
1239 2477 1446 2527 potestate
1457 2484 1677 2526 perperam

101 2551 309 2589 attentata
347 2556 458 2598 sunt,
500 2547 689 2600 petitque
728 2551 774 2586 ut
814 2559 886 2599 pro
926 2545 1116 2586 Instituti
1155 2546 1304 2597 suique
1344 2543 1467 2584 officii
1507 2555 1678 2583 munere

102 2631 241 2671 regem
262 2618 421 2659 excitet
441 2616 494 2658 ad
515 2617 774 2658 reverentiae
796 2616 840 2656 in
860 2616 1090 2657 Ecclesiam
1114 2620 1156 2657 et
1176 2615 1218 2657 S.
1242 2614 1391 2656 Sedem
1412 2616 1674 2666 argumenta.

101 2683 146 2718 R.
166 2683 215 2719 ΙΙΙ
233 2684 316 2718 Deo.
342 2685 435 2718 1712.

106 2794 218 2828 Clem.
237 2792 335 2827 ΧΙ...
354 2796 455 2835 epist.

191 2917 259 2960 81.
293 2914 441 2967 Congr.
466 2929 499 2956 s.
523 2915 592 2956 rit.
617 2919 659 2956 et
677 2914 763 2956 ind.
788 2938 814 2946 -
844 2914 1039 2956 Patribus
1068 2914 1109 2956 S.
1133 2915 1168 2956 l.
1191 2913 1422 2955 Liburnen.
1441 2912 1681 2966 petentibus

82 3038 85 3040 q
108 2986 194 3027 ind.
219 2985 330 3041 plen.
353 2998 427 3042 pro
457 2985 750 3027 communione
778 2999 870 3043 gen.
894 2985 1042 3027 ultimo
1063 2985 1130 3026 die
1160 2984 1266 3029 festo
1296 2983 1448 3028 mensis
1481 2984 1683 3039 cuiusque
