1989 3252
255 179 389 222 Alex.
413 178 518 222 VII.
925 198 978 206 -—
1009 175 1088 215 376
1118 197 1173 204 —
1713 176 1846 220 1661.

338 267 410 309 56.
444 263 495 305 A.
519 263 566 304 F.
590 262 640 304 R.
665 262 722 304 M.
751 270 859 307 Cum
879 270 1004 306 cirea
1027 264 1282 306 zur-amenti
1301 265 1551 306 vinculum.
1574 286 1601 292 —
1625 260 1743 303 Alex.
1767 260 1849 303 VII

258 335 446 376 declarat
494 334 687 375 alumnos
722 333 994 387 collegiorum
1040 333 1366 386 apostolicorum
1411 346 1495 373 non
1534 331 1586 373 ad
1620 333 1850 374 triennium

253 410 436 457 tantum,
473 404 546 446 sed
589 409 788 458 perpetuo
831 403 970 458 quoad
1011 405 1212 456 vixerint,
1239 403 1334 446 Sed.
1377 403 1649 457 Apostolicae'
1679 404 1849 446 servitio

258 476 451 518 addictos
473 490 581 528 esse,
606 476 705 518 data
725 477 853 518 etiam
875 476 997 517 form.
1023 477 1264 518 iuramenti.

258 546 300 578 20
320 543 388 577 Iul.
409 546 506 578 1660.

258 652 361 688 Ball.
383 653 486 688 Rom.
1592 651 1745 687 Elench.
1765 650 1851 685 buzc.

342 765 411 808 57.
446 768 605 818 Nuper·
618 776 709 818 pro
726 767 880 818 parte.
904 786 929 792 -—
953 760 1073 802 Alex.
1102 760 1184 801 VII
1215 760 1409 802 concedit
1438 759 1774 813 aggregationem
1804 757 1857 799 ad

266 832 416 886 Congr.
440 831 509 874 SS.
545 833 838 873 Annunciatae
873 832 916 873 in
951 831 1085 884 Urbe,
1109 832 1445 884 congregationis
1480 831 1697 884 utriusque
1732 843 1857 871 sexus

262 904 310 946 B.
335 903 394 947 M.
419 904 471 945 V.
496 903 547 945 de
570 904 680 945 bona
702 908 838 944 morte
859 908 902 945 et
921 903 963 945 S.
985 903 1157 956 Iosephi
1177 903 1438 956 agonizantis
1454 903 1498 943 in
1515 901 1618 944 eccl.
1637 901 1708 943 SS.
1728 900 1859 943 Simo-

261 976 328 1017 nis
349 979 392 1017 et
412 975 544 1017 Iudae
566 974 695 1028 Burgi
716 974 879 1028 Pignoli
901 975 980 1016 civ,
1006 974 1254 1027 Bergomen.
1280 978 1460 1015 erectae.

260 1041 305 1077 R.
325 1053 384 1085 ap.
407 1041 443 1076 S.
463 1042 513 1076 M.
535 1042 584 1076 M.
605 1042 693 1077 XVI
712 1042 805 1084 Aug.
828 1044 913 1076 1660
931 1041 972 1075 P.
993 1052 1051 1075 an.
1072 1041 1131 1076 VI.

1437 1149 1522 1191 Rey.
1540 1148 1627 1182 bun.
1655 1148 1713 1182 VJ.
1736 1151 1809 1184 168.
1829 1149 1864 1182 b.

347 1265 419 1308 58.
456 1265 528 1306 Ad
547 1276 713 1305 curam
737 1263 916 1304 salutis.
941 1285 968 1290 —
989 1259 1111 1300 Alex.
1146 1257 1245 1310 VII,
1269 1262 1439 1311 petente
1473 1262 1576 1299 rect.
1615 1257 1712 1299 coll.
1749 1255 1791 1299 S.
1827 1255 1863 1298 Ι.

268 1333 484 1384 Tolosam,
509 1331 682 1373 mandat
704 1330 875 1372 officiali
897 1330 935 1370 N
939 1343 1155 1372 emausen.
1180 1333 1228 1370 ut
1248 1330 1291 1370 in
1313 1330 1503 1382 prioratu
1533 1332 1677 1369 curato
1707 1327 1750 1369 S.
1781 1327 1867 1368 An-

269 1404 395 1446 dreae
431 1403 481 1445 de
518 1402 809 1444 Maiencoules
843 1401 1102 1443 Nemausen.
1141 1401 1275 1443 dioec.
1315 1401 1354 1442 d.
1394 1400 1567 1453 collegio
1601 1400 1865 1453 incorporato

270 1481 522 1530 perpetuum
565 1474 820 1516 beneficium
856 1473 958 1515 eccl.
998 1472 1294 1514 secundarium
1331 1486 1405 1526 pro
1441 1471 1579 1526 presb.
1616 1470 1864 1512 secundario

273 1549 344 1601 qui
367 1548 570 1588 vicarium
594 1547 637 1587 in
664 1559 766 1587 cura
801 1545 1040 1587 animarum
1077 1544 1264 1597 adiuvet,
1287 1558 1380 1585 cum
1418 1543 1618 1597 pensione
1653 1544 1733 1584 200
1766 1541 1864 1584 libr.

271 1620 483 1661 instituat.

272 1687 315 1721 R.
337 1697 395 1729 ap.
417 1685 452 1720 S.
474 1686 523 1720 M.
545 1684 593 1720 M.
614 1684 663 1720 IV
687 1684 759 1719 kal.
782 1684 860 1718 Oct.
884 1687 967 1720 1660
986 1684 1027 1718 Ρ.
1047 1695 1106 1718 an.
1129 1683 1187 1718 VI.

1488 1792 1580 1835 Rey.
1600 1791 1689 1825 bun.
1717 1790 1773 1826 VI.
1795 1793 1868 1826 166.

362 1907 434 1950 59.
469 1905 517 1946 Α.
562 1904 610 1945 Ρ.
655 1897 706 1945 R.
755 1902 812 1944 M.
858 1909 911 1947 Ut
930 1905 1112 1959 colleqz'z'
1133 1908 1283 1946 Germ.
1307 1907 1347 1945 et
1369 1907 1520 1957 Huny.
1557 1924 1583 1930 -
1622 1898 1744 1940 Alex.
1787 1897 1870 1939 VII

280 1977 452 2018 mandat
472 1975 624 2018 Cardd.
648 1973 962 2016 Protectoribus
985 1972 1024 2014 d.
1050 1972 1215 2025 collegii
1236 1977 1285 2013 ut
1307 1973 1441 2024 magis
1474 1971 1663 2025 praecise
1696 1975 1870 2011 utantur

280 2048 571 2089 iurisdictione
592 2060 669 2088 sua
703 2059 829 2099 super
861 2045 1064 2097 regimine
1099 2043 1278 2097 ideoque
1313 2044 1483 2084 statutis
1519 2041 1667 2083 diebus
1701 2054 1870 2094 congre-

281 2125 432 2173 gentur
452 2120 495 2160 in
517 2118 616 2160 aula
637 2117 789 2159 Cardd.
814 2116 993 2169 negotiis
1016 2115 1137 2169 Prop.
1162 2115 1280 2156 Fidei
1301 2116 1651 2168 praepositorum.

282 2186 324 2219 R.
344 2197 403 2228 ap.
424 2184 461 2219 S.
481 2185 528 2219 M.
550 2185 600 2218 M.
619 2183 741 2219 XVIII
762 2183 844 2216 Dec.
866 2184 951 2216 1660
970 2181 1010 2215 P.
1030 2192 1088 2214 an.
1114 2181 1171 2216 VI.

281 2295 381 2328 Bulz.
403 2294 510 2328 Rom.
530 2312 572 2317 —
592 2292 692 2326 Bulc.
714 2295 758 2326 de
772 2303 831 2335 pr.
850 2291 925 2335 fide
943 2291 974 2324 I.
996 2293 1072 2325 325.

341 2428 343 2431 ’
368 2416 445 2460 60.
477 2414 527 2454 A.
552 2411 600 2454 F.
624 2411 675 2454 R.
709 2410 767 2452 M.
793 2417 980 2467 Expom‘
999 2412 1130 2453 nobis
1150 2424 1314 2465 nuper.
1351 2433 1376 2438 -
1410 2408 1531 2448 Alex.
1571 2406 1668 2459 VII,
1705 2409 1875 2460 petente

284 2490 388 2528 rect.
414 2485 509 2527 coll.
530 2484 569 2526 S.
590 2483 759 2536 Iosephi
779 2481 819 2524 S.
841 2481 876 2522 I.
903 2480 1191 2534 Neapolitan.,
1215 2479 1437 2521 attendens
1459 2478 1511 2519 ad
1531 2478 1656 2519 breve
1673 2477 1816 2519 Innoc.
1836 2476 1874 2517 X

290 2559 339 2598 14
362 2557 459 2598 Dec.
486 2558 591 2598 1650
612 2554 882 2596 concedentis
903 2553 1117 2593 licentiam
1141 2551 1385 2604 imponendi
1407 2557 1449 2592 et
1484 2549 1691 2591 vendendi
1725 2562 1874 2590 census

287 2627 340 2669 ad
374 2626 572 2669 effectum
609 2625 795 2667 solvendi
833 2627 940 2665 8000
976 2638 1035 2664 sc.
1074 2637 1266 2664 camerae
1303 2626 1440 2676 apost.
1478 2623 1589 2662 intra
1627 2620 1875 2662 decennium

288 2698 611 2751 extinguendos,
635 2696 749 2738 etad
772 2696 897 2737 breve
919 2695 1012 2736 Iun.
1037 2694 1073 2734 X
1109 2696 1159 2735 12
1194 2694 1274 2734 Iul.
1301 2695 1406 2735 1652
1442 2692 1711 2734 concedentis
1744 2691 1875 2732 licen-

285 2770 389 2811 tiam
413 2768 647 2822 accipiendi
668 2768 708 2809 d.
734 2780 941 2808 summam
964 2766 1017 2806 ad
1038 2779 1208 2806 censum
1233 2764 1428 2817 Neapoli,
1452 2763 1643 2805 extendit
1665 2763 1704 2804 d.
1729 2762 1876 2803 decen-

290 2842 406 2881 nium
427 2840 479 2881 ad
502 2840 717 2881 biennium
741 2852 766 2879 a
787 2838 871 2878 fine
892 2837 1083 2878 decennii
1105 2835 1450 2889 computandum.

290 2906 331 2940 R.
352 2916 410 2949 ap.
431 2905 468 2939 S.
490 2905 540 2939 M.
561 2905 610 2938 M.
632 2904 696 2939 VII
711 2904 789 2938 Ian.
810 2905 893 2937 1661
913 2902 954 2936 P.
974 2913 1031 2935 an.
1054 2902 1113 2935 Vl.

1447 3009 1537 3053 Rey.
1560 3008 1646 3042 bun.
1674 3008 1730 3042 VJ.
1753 3009 1825 3042 167.
1845 3007 1879 3040 b.
