1989 3252
89 211 266 254 Urban.
287 207 423 251 VIII.
763 227 814 233 -
844 204 924 245 347
953 228 1007 234 —-
1543 204 1671 248 1639.

96 294 266 335 relictas
286 296 327 333 et
347 284 432 332 alia
448 289 619 332 stabilia
639 289 737 330 inde
757 289 922 330 emendi
945 303 997 329 ex
1018 288 1170 343 quibus
1189 289 1241 330 ’70
1263 292 1383 330 scuta
1401 288 1562 342 percipi
1577 301 1671 341 pos-

114 363 189 404 int.

91 377 134 463 {c
154 439 213 471 ap.
234 427 269 462 S.
291 427 330 463 P.
351 427 434 462 VIII
451 427 498 460 id.
519 426 605 460 Feb.
627 427 711 460 1637
730 425 771 459 P.
790 436 850 459 an.
870 425 950 459 XV.

1321 485 1408 527 Rey.
1429 484 1518 517 bulb.
1537 483 1599 517 VI.
1618 485 1672 518 77.

174 598 270 641 179.
304 595 354 636 A.
378 593 426 635 F.
449 593 499 635 R.
532 592 590 635 M.
625 596 755 637 Alias
782 596 839 648 fe.
870 608 934 636 re.
968 597 1218 648 Greyorz'us
1248 599 1325 634 PP
1350 598 1476 635 XIII.
1509 590 1670 633 Urban.

91 665 210 717 VIII,
232 664 473 718 petentibus
494 663 631 716 presb.
656 667 698 704 et
717 663 834 715 relig.
859 663 899 704 S.
923 662 958 703 I.
992 662 1266 703 missionariis
1295 661 1494 714 Iaponiae
1525 674 1673 703 conce-

90 738 152 779 dit
172 737 225 778 ad
245 739 296 778 20
318 749 448 777 annos
469 736 711 788 pensionem
731 736 839 776 4000
861 748 918 775 sc.
951 748 1078 787 super
1107 734 1379 786 proventibus
1409 733 1674 775 collectoriae

88 808 242 848 iurium
263 820 369 848 cam.
393 806 648 858 apostolicae
669 806 712 845 in
733 805 852 857 Hisp.
877 806 1029 858 regnis.

90 873 133 908 R.
152 884 209 915 ap.
231 872 266 907 S.
287 873 328 906 Ρ.
349 872 419 906 XX
438 872 526 906 NOV.
551 873 633 907 1638
652 871 692 905 Ρ.
713 882 771 904 an.
793 871 889 906 XVI.

1266 947 1343 990 Περ
1376 948 1464 980 bun.
1488 947 1544 980 VJ.
1566 950 1620 980 74.
1641 947 1674 980 b.

173 1059 272 1102 180.
305 1057 355 1098 A.
387 1056 433 1097 F.
472 1055 520 1097 R.
554 1055 612 1096 M.
646 1059 776 1099 Acras
821 1058 879 1109 fe.
910 1070 996 1099 rec.
1033 1061 1164 1110 (ἕνα).
1196 1061 1291 1097 XV.
1325 1079 1350 1084 -
1380 1053 1538 1095 Urban.
1574 1052 1678 1094 VIII

91 1127 393 1180 indulgentiam
415 1127 646 1180 plenariam
668 1140 692 1167 a
713 1127 823 1179 Greg
863 1125 939 1166 XV
959 1139 1199 1166 concessam
1222 1126 1264 1166 in
1288 1126 1394 1166 festo
1415 1124 1455 1166 S.
1481 1124 1548 1166 Fr.
1568 1123 1674 1165 XaV.

98 1198 320 1239 confirmat
339 1204 382 1240 et
401 1198 571 1250 festum,
595 1199 629 1238 si
650 1199 690 1238 in
714 1199 893 1250 primam
911 1197 1020 1238 dom.
1040 1197 1245 1237 adventus
1262 1196 1472 1248 inciderit,
1489 1197 1532 1236 in
1550 1208 1677 1236 unum

93 1282 145 1310 ex
165 1268 314 1310 diebus
333 1269 444 1309 infra
464 1272 655 1310 octavam
676 1268 773 1309 festi
795 1267 1001 1321 praedicti
1021 1267 1236 1308 transfert.

91 1334 136 1368 R.
155 1345 212 1377 ap.
233 1333 269 1368 S.
292 1334 489 1368 P.11Dee.
511 1335 595 1368 1638
614 1334 653 1367 Ρ.
675 1344 734 1368 an.
754 1333 853 1367 XVI.

93 1410 195 1443 Bull-
219 1410 319 1445 Rom.
1421 1407 1571 1442 Elench.
1591 1407 1680 1442 bull.

179 1522 275 1565 181.
311 1520 360 1561 A.
400 1519 446 1561 F.
483 1519 532 1561 R.
570 1520 616 1561 F.
655 1523 786 1563 Alias
813 1524 871 1575 se..
904 1535 991 1563 rec.
1026 1526 1157 1575 Gregy.
1189 1526 1284 1561 XV.
1320 1543 1345 1549 -
1380 1517 1541 1559 Urban.
1584 1516 1681 1558 VIII

96 1594 268 1644 petente
290 1590 434 1643 Praep.
462 1591 565 1631 Gen.
589 1590 630 1632 S.
654 1590 688 1631 I.
720 1590 1022 1643 indulgentiam
1053 1590 1286 1643 plenariam
1318 1603 1392 1642 pro
1413 1588 1681 1629 visitantibus

98 1661 200 1703 eccl.
226 1660 265 1703 S.
290 1661 324 1702 I.
348 1662 391 1702 in
413 1662 518 1702 festo
540 1661 580 1703 S.
605 1661 753 1702 Franc.
778 1660 882 1702 Xav.
904 1660 1111 1712 concedit,
1132 1674 1226 1701 cum
1248 1660 1522 1701 translatione
1543 1658 1680 1699 indul-

97 1732 264 1784 gentiae
284 1732 450 1785 quando
471 1732 624 1773 festum
645 1733 828 1773 occurrit
848 1733 984 1785 prima
1006 1731 1217 1773 dominica
1237 1730 1454 1773 adventus.

96 1798 140 1832 R.
161 1809 218 1840 ap.
240 1797 274 1832 S.
298 1798 324 1831 Ρ
357 1798 391 1832 II
413 1799 492 1832 Dec.
518 1800 599 1833 1638
619 1798 854 1832 P.a11.XV1.

96 1874 198 1908 Bull.
221 1875 321 1909 Rom.
1423 1874 1573 1907 Elench.
1595 1873 1682 1906 buli.

180 1986 279 2028 182.
314 1991 385 2027 Em
404 1987 549 2027 debito
567 1988 832 2039 pastoralis.
855 2010 880 2015 -
901 1984 1060 2025 Urban.
1087 1983 1201 2025 VIII.
1224 1983 1463 2036 petentibus
1483 1982 1684 2023 fratribus

101 2052 148 2094 O.
174 2053 213 2094 S.
239 2054 345 2106 Aug.
369 2054 420 2095 fr.
446 2055 717 2095 cremitarum
740 2068 791 2095 ex
809 2068 893 2095 una
914 2060 955 2095 et
974 2055 1110 2108 presb.
1135 2053 1175 2095 S.
1196 2054 1230 2095 I.
1251 2067 1303 2094 ex
1319 2053 1452 2094 altera
1472 2052 1678 2106 partibus,

100 2125 271 2166 mandat
309 2125 474 2166 officiali
514 2127 700 2179 episcopi
744 2125 971 2167 Warmien.
1016 2131 1063 2167 ut
1102 2125 1318 2166 confirmet
1358 2125 1683 2165 transactionem

101 2195 238 2237 medio
259 2195 470 2237 Francisci
496 2196 535 2237 S.
563 2196 686 2237 Laur.
712 2198 753 2236 in
776 2197 955 2237 Damaso
973 2197 1080 2238 diac.
1105 2196 1227 2237 Card.
1248 2196 1465 2236 Barbcrini
1486 2196 1593 2235 inter
1615 2209 1686 2235 eos

102 2267 247 2307 initam
270 2280 395 2320 super
415 2267 593 2320 quodam
617 2268 869 2309 monasterio
887 2268 1039 2318 diruto,
1063 2268 1158 2308 dein
1182 2272 1329 2308 exusto
1352 2270 1393 2307 et
1413 2281 1438 2307 a
1462 2268 1538 2306 100
1560 2266 1681 2306 annis

103 2336 268 2378 deserto
299 2351 394 2390 opp.
428 2337 626 2378 Resilien.
661 2338 701 2379 d.
726 2338 859 2379 dioec.
884 2339 1003 2379 cuius
1033 2338 1184 2378 rudera
1219 2338 1390 2390 collegio
1421 2336 1460 2378 S.
1495 2336 1528 2377 I.
1562 2337 1605 2376 in
1641 2335 1681 2377 d.

103 2421 199 2460 opp.
224 2408 501 2448 construendo
532 2421 606 2461 per
635 2408 855 2450 Albertum
886 2408 1007 2450 Card.
1038 2408 1089 2450 de
1120 2408 1293 2449 Polonia
1324 2412 1424 2453 tunc
1454 2407 1682 2448 Warmien.

103 2479 204 2520 eccl.
229 2479 464 2531 praesulem
486 2493 559 2520 seu
581 2493 656 2532 per
676 2485 961 2520 antecessores
983 2493 1180 2520 concessa
1200 2480 1387 2530 fuerant;
1419 2479 1513 2519 coll.
1539 2478 1578 2519 d.
1603 2478 1685 2519 fra-

102 2549 236 2590 tribus
256 2563 331 2602 pro
352 2548 610 2591 aedificando
632 2551 674 2590 in
711 2551 790 2591 civ,
815 2550 1037 2591 Lublinen.
1062 2551 1313 2591 monasterio
1344 2551 1475 2591 solvet
1510 2551 1617 2591 3000
1638 2548 1682 2590 fl.

103 2614 148 2649 R.
168 2626 225 2657 ap.
246 2615 282 2650 S.
303 2615 344 2648 P.
367 2626 449 2648 non.
470 2616 556 2658 Apr.
579 2617 662 2650 1639
682 2616 720 2649 P.
741 2626 800 2650 an.
820 2616 917 2650 XVI.

1335 2692 1421 2734 Rey.
1441 2692 1528 2725 bzcll.
1557 2691 1607 2725 VI
1632 2692 1686 2725 78.

188 2803 288 2846 183.
323 2806 394 2845 Ad
414 2806 687 2858 azcyemlrmz.
710 2828 735 2833 —
756 2802 917 2844 Urbani
948 2802 1049 2843 VIII
1080 2803 1292 2844 concessio
1322 2803 1606 2855 indulgentiae
1635 2801 1688 2843 ad

106 2873 371 2924 septennium
393 2887 466 2925 pro
489 2875 676 2914 oratione
698 2876 750 2914 40
773 2874 863 2915 hor.
888 2875 929 2914 in
953 2874 1226 2926 carnisprivio
1251 2872 1353 2927 (Cfr.
1378 2888 1420 2915 n.
1447 2875 1552 2923 138).

108 2936 229 2971 131ul.
251 2940 346 2972 1639.

1434 3016 1581 3050 Elench.
1601 3016 1688 3050 buza.
