1989 3252
286 163 485 228 'Ui-ban.
508 184 639 228 VIII.
984 208 1036 213 -
1066 185 1145 225 318
1176 208 1228 214 ἡ
1765 185 1894 230 1626.

307 284 403 311 cum
424 269 595 322 publica
614 271 902 312 universitatis
923 272 1123 314 facultate
1144 272 1374 326 apostolica
1394 271 1647 312 auctoritate
1663 269 1895 315 confirmet.

308 336 349 370 R.
370 347 427 379 ap.
449 335 484 371 S.
508 336 558 370 M.
579 336 616 370 M
649 336 681 369 X
703 336 802 379 Sept.
826 340 908 372 1626
927 337 955 371 Ρ
988 349 1046 372 an.
1067 338 1129 373 IV.

308 444 407 478 Bucz.
431 445 535 479 Rom.

389 556 455 598 51.
483 559 703 597 Noveram
724 561 943 598 univer-32⁴.
966 579 991 584 -
1006 553 1230 595 Concessio
1251 554 1371 606 pallii
1388 553 1434 595 P.
1460 553 1673 607 Stephano
1690 554 1742 596 de
1764 555 1898 597 Britto

308 623 444 665 electo
466 623 780 678 archiepiscopo
803 625 1113 678 Cranganoren.
1138 639 1211 665 seu
1243 625 1517 677 Angamalen.
1551 625 1731 678 absenti,
1754 641 1901 680 procu-

309 699 450 737 ratore
480 695 708 736 Laurentio
739 695 791 736 de
812 696 956 737 Paulis
987 695 1027 737 S.
1061 696 1096 737 Ι.
1129 721 1154 726 -
1189 696 1341 737 Attest.
1385 695 1525 738 Caroli
1568 697 1663 739 Ant.
1708 697 1901 740 Vaccarii

310 765 351 807 S.
376 780 487 808 caer.
512 780 623 820 mag.
647 772 690 808 et
711 767 799 809 sed.
824 767 1080 820 apostolicae
1100 771 1188 808 not.

308 832 413 868 XVII
431 833 530 876 Sept.
553 836 638 868 1626
656 834 697 868 P.
717 833 805 867 Urb.
828 834 911 869 VIII
928 845 986 868 an.
1006 835 1067 870 lv.

1486 929 1576 972 Περ.
1597 929 1685 963 bull.
1713 930 1749 963 V.
1769 932 1843 965 202.
1866 930 1899 963 b.

390 1039 463 1082 52.
499 1043 717 1080 Novermt
741 1044 959 1080 universal
979 1061 1004 1067 —
1034 1036 1257 1079 Concessio
1279 1038 1398 1091 pallii
1419 1038 1465 1079 P.
1490 1038 1702 1091 Alphonso
1725 1037 1899 1079 Mendez

309 1106 442 1148 electo
464 1107 733 1160 patriarchae
756 1108 1007 1161 Aethiopiae
1028 1108 1209 1161 absenti,
1233 1109 1325 1150 eod.
1349 1123 1462 1162 proc.
1488 1114 1530 1151 et
1551 1114 1637 1151 not.

308 1173 415 1208 XVII
433 1173 531 1217 Sept.
554 1176 638 1209 1626
658 1174 698 1208 Ρ.
720 1174 807 1208 Urb.
827 1174 911 1209 VIII
927 1185 986 1208 an.
1006 1174 1068 1208 IV.

1485 1270 1575 1313 Req.
1598 1270 1685 1303 bull.
1713 1270 1750 1302 V.
1770 1271 1846 1303 203.
1867 1269 1900 1302 b.

391 1380 465 1423 53.
484 1376 634 1430 Congr.
653 1376 694 1418 S.
714 1375 793 1417 Off.
814 1402 840 1407 -
861 1376 909 1418 R.
935 1376 981 1418 P.
1008 1376 1165 1419 Didaco
1183 1378 1378 1432 episcopo
1395 1377 1597 1431 Iaponen.
1616 1391 1814 1419 concessa
1828 1391 1902 1431 pro

309 1448 597 1490 sacerdotibus
618 1453 660 1489 et
681 1448 886 1489 ministris
917 1448 1018 1490 eccl.
1043 1448 1246 1502 Iaponen.
1270 1449 1451 1490 facultas
1481 1454 1529 1490 ut
1558 1448 1736 1491 durante
1765 1462 1903 1503 perse-

308 1521 476 1562 cutione
506 1520 667 1573 possint
695 1521 739 1560 in
769 1521 898 1561 missa
927 1520 1008 1561 sibi
1039 1521 1121 1574 ipsi
1152 1521 1405 1574 respondere
1436 1535 1485 1562 ac
1515 1522 1771 1574 ministrare,
1803 1521 1902 1562 dum

306 1605 388 1633 non
410 1597 473 1633 est
495 1593 567 1646 qui
588 1592 709 1644 sciat,
734 1605 783 1633 ac
804 1592 877 1633 ubi
898 1592 1153 1634 breviarium
1177 1593 1335 1647 absque
1356 1594 1543 1647 periculo
1564 1593 1675 1635 ferre
1705 1607 1788 1635 non
1808 1607 1903 1647 pos-

309 1667 423 1715 sunt,
446 1663 625 1704 recitare
646 1663 824 1704 valeant
837 1677 919 1705 res.
945 1663 991 1705 Β.
1018 1663 1076 1705 Μ.
1101 1663 1153 1705 V.
1178 1665 1242 1705 vel
1272 1664 1377 1705 alias
1407 1666 1618 1706 orationes
1650 1669 1692 1705 et
1720 1664 1904 1718 psalmos

308 1748 412 1789 quos
435 1736 638 1776 memoria
657 1738 819 1777 tenent.
842 1761 867 1766 -
888 1735 1042 1778 Attest.
1069 1735 1252 1778 Thomas
1273 1736 1323 1777 de
1348 1736 1558 1778 Federicis
1580 1735 1678 1778 Not.
1703 1736 1835 1778 subst.

313 1801 337 1834 f.
360 1802 404 1836 V.
426 1802 459 1836 d.
482 1803 520 1837 17
540 1801 639 1844 Sept.
661 1804 759 1837 1626.

1477 1896 1574 1938 Καρ.
1596 1896 1685 1930 bun.
1712 1896 1750 1929 V.
1769 1897 1846 1931 206.
1867 1895 1901 1929 b.

392 2007 468 2051 54.
503 2008 633 2049 Alias
653 2020 680 2049 a
701 2008 843 2050 nobis.
869 2031 894 2036 —
911 2005 1072 2047 Urban.
1099 2005 1219 2058 VIII,
1238 2006 1380 2046 citatis
1400 2005 1483 2046 litt.
1507 2005 1594 2046 suis
1621 2020 1628 2046 :
1650 2008 1901 2060 Relzye'om‘s

308 2079 448 2128 zelus,
471 2090 538 2129 ap.
567 2076 609 2118 S.
633 2077 724 2118 Pet.
749 2079 802 2118 30
824 2091 893 2130 ap‘.
921 2079 1025 2118 1625
1049 2077 1098 2118 de
1114 2077 1373 2130 professione
1395 2085 1488 2130 post
1503 2079 1530 2118 4
1551 2090 1715 2118 menses
1735 2076 1778 2116 111
1800 2074 1897 2116 Ord.

309 2145 347 2188 S.
376 2146 477 2188 Ben.
503 2147 651 2201 Congr.
676 2147 798 2201 Hisp.
822 2148 874 2189 ab
905 2148 1005 2189 Ant.
1038 2148 1266 2201 Perdiguer
1296 2147 1336 2189 S.
1365 2147 1398 2189 I.
1434 2161 1506 2201 per
1537 2150 1588 2189 30
1619 2161 1751 2188 annos
1781 2147 1900 2187 habi-

307 2222 396 2258 tum
442 2224 605 2271 gestare
651 2219 774 2261 solito
830 2219 1076 2272 emittenda,
1119 2223 1356 2273 exponente
1414 2219 1566 2272 Praep.
1623 2218 1725 2260 Gen.
1777 2217 1818 2260 S.
1861 2217 1897 2259 I.

308 2289 417 2343 quod
449 2289 489 2330 d.
525 2291 748 2342 Antonius,
780 2291 956 2332 licentia
988 2291 1161 2332 obtenta
1194 2290 1443 2332 transeundi
1464 2290 1517 2331 ad
1548 2290 1599 2331 de
1641 2289 1900 2331 Monserrato

308 2362 611 2402 monasterium
632 2360 681 2403 O.
706 2362 746 2403 S.
772 2362 820 2404 B.
846 2363 888 2403 in
910 2377 991 2416 quo
1012 2362 1217 2415 regularis
1237 2363 1348 2414 viget
1379 2361 1662 2414 observantia,
1684 2362 1728 2401 in
1749 2361 1832 2402 alio
1854 2360 1893 2402 d.

308 2430 405 2474 Ord.
432 2433 731 2474 monachorum
762 2433 1052 2474 claustralium
1074 2434 1345 2485 monasterio,
1370 2434 1479 2474 inter
1509 2447 1612 2487 quos
1642 2433 1759 2473 nulla
1788 2435 1899 2485 viget

307 2511 392 2551 reg.
426 2498 514 2540 obs.
549 2505 591 2539 et
621 2500 692 2553 qui
722 2500 895 2541 seorsim
928 2500 972 2540 in
1003 2499 1159 2540 domib.
1192 2499 1367 2552 privatis
1396 2499 1589 2540 habitare
1620 2504 1662 2540 et
1693 2498 1899 2540 beneficia

307 2569 541 2611 ecclesiast.
576 2571 618 2610 in
650 2571 820 2611 titulum
851 2571 937 2612 sive
967 2570 1260 2612 commendam
1289 2570 1482 2611 obtinere
1513 2570 1664 2622 solent,
1704 2569 1896 2610 habitum

307 2642 538 2694 susceperit
568 2646 610 2683 et
640 2642 943 2694 professionem
979 2643 1183 2694 emiserit,
1216 2641 1389 2683 mandat
1418 2641 1566 2682 Ioanni
1604 2641 1727 2694 Bapt.
1766 2641 1896 2693 patri-

307 2711 461 2752 archae
499 2712 762 2753 Antiocheno
798 2726 872 2753 suo
908 2713 951 2753 in
986 2712 1105 2766 Hisp.
1141 2713 1279 2766 regnis
1316 2712 1472 2753 Nuntio
1515 2716 1560 2752 ut
1595 2712 1897 2765 professionem
1935 2726 1937 2730 ·

307 2782 537 2823 invalidam
560 2783 744 2824 declaret
764 2788 967 2837 cogatque
988 2784 1054 2824 vel
1076 2783 1169 2825 Soc.
1202 2783 1394 2824 habitum
1425 2783 1598 2824 arbitrio
1619 2782 1767 2835 Praep.
1791 2781 1894 2823 Gen.

305 2853 370 2893 vel
392 2867 503 2894 mon.
531 2868 616 2906 reg.
641 2854 728 2895 obs.
758 2854 949 2896 habitum
970 2855 1195 2908 suscipere.

310 2918 337 2952 R
371 2930 428 2961 ap.
453 2919 488 2953 S.
510 2920 558 2954 M.
581 2920 627 2953 M.
648 2920 681 2956 ΙΙ
699 2920 778 2954 Oct.
800 2923 884 2955 1626
904 2920 943 2954 Ρ.
963 2931 1021 2954 an.
1040 2920 1102 2955 IV.

1487 3013 1575 3060 Ray.
1596 3013 1683 3046 btcll.
1710 3013 1747 3048 V.
1768 3015 1842 3048 204.
1865 3012 1899 3050 b.
1976 3032 1979 3035 ι
