1989 3252
65 242 227 286 Imloc.
250 240 364 284 XII.
739 263 791 270 -
820 239 900 280 41¹7
929 264 983 270 —
1515 241 1644 285 1694.

64 327 207 368 anima
226 326 447 368 confratris
466 327 531 367 vel
552 327 784 368 consororis
805 326 1038 378 celebrans,
1056 326 1136 378 ipsi
1153 326 1319 367 animae
1340 325 1642 379 indulgentiam

65 397 264 450 impetret
285 409 367 450 qua
387 396 589 437 liberetur
609 410 634 437 a
654 397 884 450 purgatorii
905 397 1054 449 poenis.

63 462 109 497 R.
127 473 184 505 ap.
206 462 240 496 S.
260 462 310 497 M.
330 461 381 495 M.
400 462 523 497 XXVI
541 464 635 505 Aug.
659 465 741 497 1693
759 463 800 497 Ρ.
820 474 879 496 an.
897 462 961 497 111.

1197 525 1285 567 Rey.
1304 525 1392 560 bula.
1419 527 1498 562 VII.
1518 531 1571 569 19,
1590 531 1646 563 23.

146 635 212 679 14.
236 635 287 676 A.
306 632 353 676 F.
379 632 430 674 R.
450 632 508 675 M.
535 637 663 676 Alias
682 635 758 688 fel.
782 648 867 676 rec.
895 636 1120 677 Clementi.
1142 658 1167 664 -
1188 632 1281 675 Inn.
1301 633 1383 675 XlI
1403 636 1644 687 petentibus

61 704 290 747 rectoribus
320 709 363 746 et
392 704 525 757 praef.
558 704 669 745 stud.
705 706 747 745 S.
780 703 897 744 Fidei
929 709 970 745 et
1014 704 1182 753 Quiten.
1216 705 1484 759 collegiorum
1517 708 1559 749 S.
1588 707 1643 760 I.,

60 777 304 819 facultatem
326 790 400 829 per
420 776 551 817 Breve
574 777 623 816 17
644 776 745 828 Apr.
773 777 893 829 1675,
916 780 1087 828 petente
1108 776 1234 829 Alph.
1265 777 1316 818 de
1346 776 1512 819 Alarios
1542 778 1583 820 S.
1607 778 1641 821 I.

59 852 330 902 procuratore
350 861 468 900 prov,
492 846 613 900 Hisp.
638 851 680 887 et
700 846 791 888 Ind.
818 847 914 888 Occ.
939 861 1193 899 concessam,
1217 848 1456 889 conferendi
1478 849 1522 890 in
1551 850 1644 902 phi-

59 919 135 961 los.
150 925 193 960 et
213 918 342 960 theol.
366 918 533 971 gradus,
556 918 747 958 extendit
767 917 820 958 ad
841 917 1018 959 Decreta
1039 919 1126 959 sive
1147 932 1287 960 sacros
1309 932 1504 962 canones.

59 985 103 1020 R.
125 996 182 1029 ap.
204 985 240 1019 S.
261 985 311 1019 M.
330 985 380 1020 M.
398 985 414 1020 I
433 984 529 1027 Sept.
552 986 636 1019 1693
654 984 694 1018 Ρ.
715 995 774 1018 an.
793 984 854 1019 m.

57 1095 165 1131 Buzz.
178 1096 284 1130 Rom.
303 1114 344 1119 —
362 1095 463 1129 Ball.
484 1098 528 1128 de
540 1106 598 1138 pr.
618 1095 692 1138 fide
709 1095 759 1128 II.
783 1097 854 1129 140.
876 1114 916 1117 —
936 1095 1105 1128 Hernaez
1124 1095 1174 1134 ΙΙ,
1196 1098 1271 1130 462.

140 1206 209 1250 15.
241 1204 293 1245 Α.
318 1203 364 1244 P.
388 1203 437 1244 R.
461 1202 519 1244 M.
546 1207 674 1246 Alcas
694 1205 770 1258 fel.
789 1218 876 1247 rec.
903 1207 1128 1246 Clementi.
1150 1227 1176 1233 -
1206 1203 1299 1245 Inn.
1333 1203 1431 1257 XII,
1462 1207 1644 1258 petenti-

62 1275 136 1317 bus
157 1274 389 1316 rectoribus
410 1280 452 1315 et
472 1274 603 1327 praef.
629 1273 737 1314 stud.
762 1273 804 1315 S.
828 1273 945 1314 Fidei
968 1278 1010 1314 et
1040 1273 1206 1322 Quiten.
1232 1275 1503 1328 collegiorum
1535 1277 1576 1318 S.
1600 1276 1635 1320 Ι.

59 1347 303 1388 facultatem
325 1360 399 1399 per
419 1346 550 1387 Breve
572 1348 624 1386 30
647 1345 749 1386 Maii
783 1346 887 1385 1674
916 1359 1172 1397 concessam,
1197 1360 1293 1398 qua,
1317 1346 1447 1387 donec
1477 1349 1642 1389 univer-

58 1418 159 1458 sitas
180 1417 408 1470 proximior
428 1430 554 1470 quam
576 1416 751 1457 Limana
772 1422 913 1456 erecta
933 1416 1096 1468 fuisset,
1121 1416 1299 1457 laureati
1321 1417 1363 1456 in
1395 1417 1434 1458 d.
1459 1417 1643 1470 collegiis

59 1489 102 1529 in
122 1488 388 1541 philosophia
406 1492 450 1529 et
469 1488 680 1540 theologia
700 1488 753 1528 ad
774 1488 1045 1528 canonicatus
1068 1495 1111 1528 et
1132 1487 1391 1540 praebendas
1422 1488 1639 1530 doctorum

59 1563 102 1601 et
121 1559 380 1613 magistrales
400 1573 645 1601 concurrere
667 1564 855 1612 possunt,
877 1559 1098 1599 confirmat
1118 1565 1160 1599 et
1190 1558 1380 1612 ampliat,
1403 1559 1639 1612 declarans,

58 1630 99 1672 d.
123 1630 254 1672 Breve
275 1630 592 1683 intelligendum
614 1644 703 1671 esse
730 1631 858 1671 etiam
878 1630 929 1670 de
951 1631 1001 1670 iis
1022 1629 1175 1683 quibus
1204 1629 1356 1682 gradus
1391 1630 1433 1670 in
1464 1629 1641 1672 decretis

58 1716 132 1744 seu
152 1703 280 1743 sacris
302 1701 531 1742 canonibus
553 1702 695 1742 collati
716 1702 887 1742 fuerint.

55 1768 101 1802 R.
120 1779 177 1811 ap.
198 1768 234 1802 S.
253 1769 302 1802 M.
322 1768 371 1802 M.
391 1768 547 1802 XXVlII
566 1768 665 1810 Sept.
687 1770 770 1801 1⁶93
790 1768 827 1800 P.
850 1779 908 1800 au.
928 1767 988 1801 Ill.

56 1878 159 1911 Ball.
179 1878 282 1912 Rom.
301 1896 342 1900 —
360 1878 462 1912 Buce.
480 1878 526 1911 de
538 1889 695 1921 propag).
715 1878 789 1921 fide
807 1878 856 1916 ΙΙ,
878 1880 952 1911 142.

138 1989 206 2032 16.
240 1987 290 2028 A.
314 1986 362 2028 F.
385 1986 433 2027 R.
459 1985 514 2027 M.
543 1993 649 2030 Cum
670 1989 786 2029 sicut
807 1994 1077 2042 accepemus.
1111 2011 1137 2016 —
1156 1985 1250 2028 Inn.
1283 1984 1364 2026 XII
1394 1986 1641 2028 mulieribus

56 2057 409 2099 Christifidelibus
438 2059 480 2098 in
510 2059 595 2100 civ,
631 2057 778 2099 Pekini
808 2059 924 2110 regni
954 2057 1148 2099 Sin-arum
1178 2071 1286 2111 quae
1322 2059 1444 2099 iuxta
1480 2072 1637 2100 morem

57 2130 236 2183 regionis
255 2143 349 2170 raro
370 2129 511 2182 egredi
532 2130 846 2182 permittuntur,
869 2143 928 2169 VZ.
955 2129 1016 2169 bis
1038 2130 1080 2169 in
1102 2143 1210 2170 anno
1236 2131 1284 2169 15
1307 2129 1395 2169 dies
1416 2130 1636 2171 continuos

57 2201 111 2242 ad
132 2202 314 2242 oratoria
334 2200 375 2243 S.
400 2200 435 2242 I.
459 2202 501 2241 in
522 2203 601 2242 ciV.
626 2202 848 2242 convenire
870 2201 1021 2252 solent,
1044 2199 1234 2241 concedit
1255 2200 1487 2253 plenariam
1508 2201 1639 2242 semel

58 2273 194 2325 spatio
216 2272 454 2314 huiusmodi
478 2274 526 2314 15
548 2271 710 2313 dierum
730 2272 1051 2325 indulgentiam,
1074 2273 1109 2312 si
1130 2272 1445 2312 communicent
1479 2278 1521 2312 et
1542 2272 1638 2312 visi-

58 2347 149 2384 tent
163 2344 405 2385 oratorium.
430 2343 495 2384 Ad
518 2345 567 2385 15
590 2357 735 2384 annos.

56 2409 100 2443 R.
121 2420 179 2452 ap.
200 2410 234 2443 S.
255 2410 304 2444 M.
324 2410 373 2444 M.
395 2410 461 2444 XV
482 2411 555 2443 Ian.
579 2413 661 2444 1694
681 2410 719 2443 P.
737 2420 795 2443 an.
816 2409 879 2443 III.

1266 2486 1351 2529 Rey.
1372 2486 1459 2520 buil.
1488 2486 1564 2520 Vll.
1586 2488 1640 2521 24.

141 2597 212 2641 17.
244 2594 465 2636 Decretum
484 2593 577 2637 Inn.
602 2593 700 2648 XII,
723 2610 805 2650 quo
826 2594 971 2637 audita
986 2595 1190 2636 relatione
1206 2608 1312 2635 secr.
1333 2593 1483 2647 Congr.
1508 2608 1573 2647 ep.
1600 2598 1641 2635 et

56 2679 162 2719 reg.,
183 2667 368 2707 instante
398 2667 586 2719 principe
617 2666 798 2708 Buterae
830 2665 996 2708 Caraffa
1026 2671 1067 2707 et
1096 2670 1256 2706 attento
1285 2679 1458 2706 assensu
1488 2665 1638 2718 Praep.

57 2736 161 2779 Gen.
185 2736 227 2778 S.
250 2736 285 2779 Ι.
309 2737 554 2778 facultatem
575 2738 767 2779 concedit
786 2738 974 2791 erigendi
996 2743 1038 2778 et
1058 2736 1261 2778 fundandi
1292 2736 1526 2789 simplicem
1546 2749 1639 2789 per-

57 2808 314 2849 manentiam
343 2821 417 2848 seu
452 2807 721 2850 residentiam
761 2809 802 2850 S.
836 2809 871 2850 I.
904 2810 946 2849 in
982 2810 1133 2863 oppido
1170 2807 1480 2858 Marlarinensi‚
1517 2806 1640 2848 modo

56 2877 231 2919 accedat
250 2878 460 2919 Ordinarii
482 2892 705 2919 consensus
726 2883 768 2918 et
788 2878 1053 2930 assignentur
1072 2877 1234 2919 fructus
1254 2891 1329 2931 pro
1358 2877 1641 2919 sustentandis

58 2952 219 3002 septem
239 2948 460 3002 religiosis.

55 3016 76 3049 7
92 3014 183 3050 Maii
201 3017 298 3050 1694.
1497 3008 1499 3011 ’

1379 3057 1531 3093 Ecench.
1550 3058 1641 3093 buca.
