1989 3252
143 238 288 283 Clem.
308 237 445 282 XIII.
803 261 857 269 ——
884 239 965 278 493
993 262 1048 269 —
1589 238 1719 282 1765.

142 328 279 369 licum
305 328 545 378 perceptam
570 340 580 376 ;
603 324 694 365 vult
716 337 812 365 eum
834 325 1057 366 admonere
1078 325 1251 366 clericos
1272 324 1312 366 d.
1338 324 1378 366 S.
1400 329 1448 365 ut
1463 325 1717 377 persecutio—

142 409 215 436 nes
235 396 279 436 in
300 409 418 436 suam
441 402 483 436 et
503 395 790 448 proximorum
811 395 1038 436 utilitatem
1060 398 1314 436 convertant.

144 461 186 495 R.
206 461 293 496 XIX
312 461 397 495 Maii
417 462 501 496 1765
519 460 559 495 Ρ.
579 471 637 495 an.
657 460 734 496 VH.

142 578 196 612 De
211 579 417 623 Raviynan
436 589 494 622 op.
513 580 572 613 cit.
591 589 625 621 p.
644 579 719 613 315.

223 700 296 744 53.
330 704 402 741 Ex
421 699 586 740 litteris
603 699 931 751 fraternitatis.
958 721 983 726 -
1017 695 1149 737 Clem.
1172 695 1277 737 XIII
1310 695 1468 737 Isidoro
1507 699 1585 748 epo
1614 695 1720 737 Con-

143 768 264 810 chen.
288 768 598 809 constitutionis
618 775 647 810 A
657 771 925 823 postolc'cwn
943 767 1101 808 fructus
1118 767 1315 808 referenti
1336 767 1569 819 gratulatur
1585 768 1720 808 socios

142 838 348 880 eiusmodi
369 839 558 879 Instituti
577 837 631 879 ab
652 837 844 878 Ecclesia
866 837 1054 879 Tridenti
1076 837 1295 890 approbati
1316 843 1358 878 et
1380 837 1592 878 adiutores
1623 851 1720 878 eum

142 909 313 950 habere.

140 975 182 1010 R.
204 987 262 1018 ap.
283 975 318 1010 S.
340 975 385 1010 M.
403 975 452 1009 M.
473 975 577 1010 XXII
596 974 682 1009 Maii
704 977 787 1010 1765
805 975 845 1009 P.
865 986 923 1009 an.
944 975 1020 1010 ΥΙΙ.

141 1094 193 1126 De
210 1094 409 1136 Raviynan
425 1104 481 1135 op.
500 1097 556 1127 cit.
578 1105 610 1136 p.
630 1096 705 1128 316.

223 1215 296 1257 54.
333 1219 641 1256 occurrerunt
662 1215 801 1255 nobis.
830 1236 855 1241 -
884 1210 1011 1252 Clem.
1038 1209 1141 1251 XIII
1162 1211 1372 1264 Stephano
1407 1214 1484 1264 epo
1520 1209 1720 1251 Tarraco—

141 1296 237 1324 nen.
256 1282 378 1324 valde
400 1282 636 1323 devinctum
658 1295 747 1323 esse
768 1296 887 1322 suum
919 1283 1106 1323 animum
1129 1282 1352 1335 persuadet
1386 1282 1497 1335 quod
1518 1282 1719 1322 constitu-

141 1354 200 1395 tio
221 1356 530 1410 Aposlolz'ezmz
552 1357 671 1394 tanta
705 1366 799 1393 eum
822 1353 994 1406 eiusque
1017 1353 1241 1394 dioecesim
1271 1352 1504 1406 perfuderit
1528 1351 1688 1393 laetitia
1709 1367 1717 1403 ;

141 1425 247 1478 petit
267 1425 376 1465 orari
398 1428 443 1464 ut
477 1424 741 1465 inimicorum
772 1424 812 1465 S.
837 1423 871 1464 I.
897 1423 1135 1464 amaritudo
1166 1423 1350 1465 leniatur
1370 1427 1413 1465 et
1433 1423 1719 1475 religiosorum

143 1495 332 1537 eiusdem
355 1494 445 1536 Soc.
470 1493 668 1536 alacritas
688 1501 904 1548 augeatur.

146 1561 188 1595 R.
207 1572 265 1603 ap.
287 1560 323 1595 S.
344 1561 392 1595 M.
413 1560 461 1594 M.
482 1562 589 1596 XXII
606 1560 691 1595 Maii
714 1563 798 1596 1765
817 1561 855 1595 Ρ.
876 1571 933 1594 an.
955 1562 1030 1596 VII.

144 1668 197 1701 De
214 1670 414 1712 Raviynan
436 1680 493 1712 op.
512 1671 571 1703 cit.
591 1680 624 1712 p.
643 1671 718 1704 317.

217 1791 286 1833 55.
325 1795 463 1832 Binos
484 1804 511 1831 a
531 1791 829 1843 fralet-nitate
847 1795 938 1832 ceca.
977 1813 1002 1819 -
1022 1788 1154 1829 Clem.
1180 1787 1284 1828 XIII
1316 1787 1495 1829 Henrico
1531 1787 1615 1829 Iac.
1639 1791 1717 1840 epo

138 1858 367 1901 Sarlatensi
401 1859 639 1912 gratulatur
672 1860 836 1900 litteras
871 1865 913 1900 et
950 1858 1200 1912 pastoralem
1237 1859 1573 1910 instructionem,
1609 1860 1720 1912 typis

140 1942 355 1980 excusam,
379 1930 530 1983 quibus
551 1930 601 1971 de
622 1935 755 1972 const.
782 1934 1087 1987 Apostolc'cmn
1110 1929 1278 1982 gaudet.

138 1995 178 2029 P.
197 2007 254 2038 ap.
276 1996 311 2030 S.
333 1996 381 2030 M.
401 1996 449 2030 M.
470 1996 592 2031 XXIX
610 1997 695 2029 Maii
719 1999 801 2031 1765
819 1997 859 2030 P.
879 2008 937 2030 an.
958 1996 1034 2031 VII.

140 2104 237 2138 Βιιῑῐ.
257 2105 363 2139 Rom.

219 2225 289 2268 56.
327 2230 387 2267 De
407 2230 449 2267 S.
472 2231 503 2266 I.
530 2232 714 2279 eiusque
734 2229 955 2267 Instituta
981 2248 1007 2254 -
1027 2222 1159 2264 Clem.
1185 2222 1289 2263 XIII
1312 2223 1495 2265 Antonio
1516 2224 1713 2277 archiep&

140 2292 315 2346 Pragen.
340 2293 391 2334 de
410 2293 617 2334 fructibus
638 2293 678 2335 S.
703 2293 736 2334 Ι.
762 2295 805 2334 111
826 2307 902 2334 sua
923 2293 1104 2334 dioecesi
1122 2301 1164 2334 et
1185 2294 1236 2334 de
1257 2299 1388 2334 const.
1411 2302 1440 2336 A
1451 2298 1717 2349 poscolzczmz

141 2364 339 2416 gaudenti
358 2363 684 2417 congratulatur.

142 2429 487 2473 Castr.Gandu1phi
505 2431 536 2464 V
553 2431 631 2465 Iun.
653 2433 736 2465 1765
755 2430 795 2464 P.
814 2441 872 2463 an.
893 2398 969 2465 ΥΠ.

139 2536 192 2569 De
208 2537 407 2580 Raviqnan
425 2549 482 2582 op.
501 2538 559 2572 cit.
580 2549 613 2581 p.
631 2541 706 2573 313.

222 2662 293 2705 57.
327 2669 563 2718 Accepisse
583 2669 622 2706 te
640 2665 818 2707 scribis.
857 2689 882 2693 -
917 2662 1046 2705 Clem.
1080 2662 1185 2704 XIII
1219 2663 1378 2705 Isidoro
1414 2668 1490 2717 epo
1525 2664 1712 2706 Pincien.

139 2730 413 2784 (Valladolid)
447 2733 684 2785 gratulatur
720 2734 921 2775 laetitiam
952 2748 1004 2775 ex
1025 2735 1190 2775 constit.
1218 2738 1524 2790 Apostolz'czmz
1545 2749 1715 2788 percep-

138 2806 240 2852 tam,
263 2816 399 2856 neque
420 2805 607 2856 potuisse
630 2818 700 2845 eos
716 2806 788 2858 qui
807 2806 901 2846 odio
921 2804 962 2845 S.
982 2805 1015 2845 I.
1037 2805 1255 2858 indulgent
1276 2805 1328 2846 ab
1348 2805 1472 2846 huius
1494 2806 1715 2858 disciplina

138 2871 285 2913 fideles
300 2880 501 2914 avertere.

139 2937 181 2972 R.
201 2949 259 2980 ap.
280 2939 314 2972 S.
338 2939 385 2972 M.
404 2939 453 2973 M.
475 2939 556 2975 ΥΠΙ
573 2941 651 2975 11111.
673 2943 756 2976 1765
776 2941 815 2976 P.
835 2952 892 2975 an.
912 2942 990 2976 VII.

139 3046 194 3080 De
212 3048 410 3091 Raviynan
427 3059 484 3092 op.
504 3048 561 3083 cit.
582 3060 614 3090 p.
635 3051 709 3083 318.
