1989 3252
292 204 469 248 Urban.
493 204 624 248 vm.
971 228 1023 233 -
1054 203 1133 245 320
1165 227 1217 233 -
1494 171 1497 173 ⁵
1755 202 1881 247 1627.

295 291 506 343 prioratus
528 294 571 330 et
591 289 633 331 S.
660 289 867 332 Martialis
889 290 940 332 de
961 289 1129 332 Vialars
1150 292 1321 343 annexi,
1344 293 1399 332 24
1419 290 1513 331 duc.
1540 288 1722 331 Accedat
1741 302 1882 331 assen-

295 375 365 402 sus
386 360 482 402 abb.
507 375 581 402 seu
602 374 722 414 perp.
745 361 1093 403 commendatarii
1114 361 1155 402 d.
1181 375 1291 404 mon.

295 427 336 461 R.
356 438 416 470 ap.
436 426 472 462 S.
495 427 542 461 M.
564 428 612 462 M.
633 427 683 462 IV
701 427 774 462 kal.
797 428 881 462 Dec.
900 431 984 463 1626
1003 428 1043 463 P.
1066 439 1123 462 an.
1145 427 1207 462 IV.

1478 535 1568 579 Rey.
1589 536 1675 569 bull.
1699 535 1742 569 V.
1762 537 1837 569 323.
1858 536 1893 569 b.

377 649 448 692 59.
484 647 533 688 A.
567 645 614 688 F.
648 646 698 687 R.
731 645 790 688 M.
825 649 957 690 Alias
983 648 1059 701 fel.
1091 662 1180 690 rec.
1212 649 1387 690 Paulus
1422 652 1467 688 V.
1509 670 1536 676 -
1570 644 1731 687 Urban.
1766 644 1884 698 VIII,

294 722 467 772 petente
496 717 689 772 Philippo
722 718 842 770 Hisp.
877 731 972 771 rege
1003 717 1230 768 catholico,
1261 716 1313 759 ob
1344 717 1685 758 inconvenientia
1713 720 1806 758 orta
1834 730 1888 758 ex

295 788 522 830 collatione
550 787 757 841 graduum
788 801 814 828 a
852 786 986 828 Paulo
1021 787 1058 828 V
1089 787 1281 841 partibus
1313 786 1531 828 Indiarum
1564 786 1889 828 occidentalium

293 864 382 901 tam
404 858 607 900 fratribus
631 858 679 900 O.
714 858 863 901 Praed.
897 872 1024 913 quam
1055 859 1310 912 presbyteris
1340 857 1379 900 S.
1410 858 1441 899 Ι.
1465 871 1679 910 concessa,
1702 856 1890 899 decernit

296 931 449 985 gradus
470 931 513 971 in
534 930 658 972 dictis
679 935 845 972 tantum
876 931 1103 984 provinciis
1132 928 1353 984 suffragari
1383 934 1426 971 et
1455 929 1532 971 sub
1563 929 1756 982 cautelis,
1779 942 1887 983 quae

295 1003 549 1045 indicantur.

296 1071 341 1105 R.
361 1081 418 1113 ap.
440 1069 476 1104 S.
499 1070 538 1103 Ρ.
561 1069 625 1104 VII
645 1070 723 1105 Ian.
740 1072 826 1105 1627
842 1070 884 1104 Ρ.
903 1080 962 1104 an.
982 1069 1043 1105 IV.

298 1180 402 1214 Buce.
425 1180 530 1214 Rom.

383 1292 460 1336 60.
493 1294 589 1334 Nz'lz'
620 1292 834 1344 fluminis
868 1295 1103 1346 impectus.
1137 1313 1162 1318 -
1191 1286 1363 1329 Urban..
1393 1286 1498 1328 VIII
1528 1287 1696 1328 sultano
1726 1284 1891 1339 Sagued

299 1363 545 1416 imperatori
560 1360 812 1414 Aethiopiae
828 1359 880 1402 de
896 1359 1047 1401 litteris
1064 1358 1117 1400 ad
1133 1359 1253 1412 Greg.
1273 1358 1351 1399 XV
1373 1359 1513 1400 missis
1535 1357 1733 1400 solatium
1761 1357 1887 1410 signi-

299 1433 415 1486 ficat,
438 1437 573 1486 apost.
597 1431 937 1474 benedictionem
963 1431 1220 1484 impartitur,
1242 1431 1452 1484 promittit
1481 1443 1526 1470 se
1556 1443 1580 1471 a
1599 1429 1891 1483 potentissimo

300 1505 425 1558 Hisp.
457 1517 553 1557 rege
583 1502 892 1556 postulaturum
922 1516 975 1544 ne
994 1515 1182 1556 unquam
1211 1502 1368 1543 frustra
1388 1501 1441 1543 ab
1463 1515 1511 1543 eo
1532 1501 1619 1554 peti
1641 1500 1889 1541 Austriacae

300 1576 516 1631 potentiae
536 1575 744 1616 auxilium
780 1575 983 1628 patiatur,
1005 1575 1078 1628 qui
1112 1573 1398 1627 patriarcham
1434 1573 1684 1626 Aethiopiae
1716 1572 1891 1625 eiusque

297 1649 431 1691 socios
452 1651 693 1689 veneratur.

298 1715 343 1750 R.
363 1726 420 1758 ap.
442 1714 479 1748 S.
500 1714 540 1748 P.
559 1714 576 1749 Ι
592 1714 699 1748 Febr.
721 1716 804 1748 1627
825 1712 864 1747 P.
884 1723 943 1746 an.
969 1712 1033 1747 IV.

297 1770 410 1805 Nola.
425 1770 514 1804 Cum
532 1768 602 1802 hoc
622 1768 718 1802 brevi
734 1767 840 1801 missa
854 1768 1003 1802 fuerunt
1017 1767 1086 1801 tria
1098 1769 1128 1801 l.
1143 1766 1304 1800 iubulaei
1321 1777 1382 1808 pro
1397 1770 1471 1801 tota
1487 1765 1681 1808 Aethiopia
1694 1767 1726 1800 2.
1743 1763 1886 1807 Indulg.

299 1825 396 1868 plen.
420 1824 464 1858 ad
491 1822 723 1867 septennium
748 1825 780 1858 3.
804 1822 878 1856 ind.
908 1822 1096 1865 plenariae
1123 1832 1186 1864 pro
1211 1821 1428 1864 imperatore
1454 1821 1606 1862 eiusque
1631 1819 1743 1854 fratre
1760 1819 1797 1853 in
1815 1822 1882 1854 art.

299 1885 436 1914 mortis.

1533 1985 1622 2029 Req.
1640 1983 1730 2020 bucl.
1757 1983 1795 2018 V.
1815 1986 1891 2019 233.

381 2100 449 2145 61.
485 2104 803 2143 Patrocinium
827 2093 991 2155 yentis.
1014 2121 1040 2128 —
1061 2095 1222 2138 Urban.
1247 2092 1351 2136 VIII
1372 2095 1457 2147 regi
1480 2094 1688 2135 catholico
1710 2095 1753 2135 in
1774 2093 1888 2134 favo-

299 2184 388 2213 rem
408 2172 675 2225 imperatoris
695 2170 947 2224 Aethiopiae
968 2169 1313 2211 intercessionem
1335 2166 1497 2208 suadet.

297 2238 344 2274 R.
363 2250 421 2281 ap.
442 2238 477 2272 S.
500 2238 540 2271 P.
559 2237 698 2273 1F‹·l›r.
721 2239 803 2271 1627
822 2236 862 2270 Ρ.
883 2247 942 2269 an.
966 2236 1026 2270 IV.

1531 2344 1620 2388 Req.
1642 2344 1729 2377 bull.
1758 2343 1792 2376 V.
1812 2344 1889 2377 234.

380 2458 453 2504 62.
488 2458 538 2499 A.
561 2457 608 2499 P.
632 2455 682 2498 R.
708 2456 765 2498 M.
791 2463 863 2500 Eoe
883 2458 1030 2500 debito
1047 2457 1302 2512 pastoralis
1322 2459 1475 2509 office‘z'.
1512 2478 1538 2484 —
1573 2451 1734 2494 Urban.
1767 2450 1887 2503 VIII,

299 2529 540 2584 petentibus
574 2527 797 2570 Francisco
821 2529 885 2569 tit.
910 2526 951 2570 S.
976 2526 1178 2568 Praxedis
1213 2539 1277 2580 pr.
1303 2524 1426 2567 Card.
1465 2525 1516 2566 de
1553 2523 1723 2566 Sourdis
1744 2536 1887 2575 nunc.‚

299 2604 509 2642 conventu
529 2605 572 2641 et
606 2599 824 2640 monachis
854 2612 967 2640 mon.
1002 2597 1041 2639 S.
1076 2596 1332 2638 Launomari
1353 2596 1521 2638 Blesen.
1546 2609 1669 2636 nunc.
1694 2594 1743 2636 O.
1770 2594 1812 2636 S.
1837 2595 1886 2636 Β.

299 2672 526 2714 Carnoten.
549 2670 682 2713 dioec.
721 2671 841 2712 cuius
862 2669 902 2711 d.
941 2669 1010 2710 Fr.
1050 2667 1341 2710 commendam
1378 2667 1557 2719 obtinet,
1589 2673 1632 2708 et
1664 2671 1827 2707 rectore
1847 2669 1890 2707 et

301 2742 589 2796 collegialibus
605 2741 700 2784 coll.
720 2741 759 2783 S.
779 2740 813 2783 I.
834 2740 1124 2793 Aurelianen.,
1142 2741 1292 2780 initam
1313 2738 1363 2779 de
1379 2739 1570 2791 prioratu
1590 2737 1632 2779 S.
1652 2736 1821 2791 Sulpitii
1837 2735 1888 2778 de

302 2812 455 2867 Aquila
492 2811 616 2865 vulgo
652 2811 703 2852 de
745 2810 866 2864 [aigle
906 2824 1034 2851 nunc.
1069 2809 1117 2852 O.
1157 2808 1199 2851 S.
1238 2809 1344 2862 Aug.
1383 2808 1605 2850 Ebroicen.
1643 2807 1776 2849 dioec.
1814 2820 1889 2860 per

300 2887 479 2929 Paulum
499 2885 535 2926 V
558 2885 598 2927 d.
623 2886 719 2927 coll.
743 2886 875 2936 unito,
898 2886 968 2926 cui
995 2885 1143 2926 unioni
1173 2887 1311 2925 rector
1332 2883 1620 2925 universitatis
1642 2881 1771 2922 studii
1790 2893 1884 2934 gen.

299 2958 504 3001 Parisien.
529 2971 573 2999 se
594 2958 793 3011 opposuit
813 2961 855 2999 et
883 2955 1076 2999 nonnulli
1098 2954 1294 2997 monachi
1315 2954 1366 2996 de
1402 2954 1443 2996 d.
1466 2968 1579 2996 mon.
1604 2955 1886 3004 accesserunt,

299 3029 565 3073 concordiam
600 3028 852 3072 confirmat:
889 3032 1030 3071 rector
1063 3027 1104 3070 d.
1129 3026 1227 3069 coll.
1252 3027 1332 3068 880
1369 3025 1499 3067 libras
1533 3029 1671 3067 turon.
1706 3023 1844 3066 solvat
1861 3024 1889 3063 4
