1989 3252
98 223 262 266 Innoc.
283 221 370 265 XI.
767 246 821 251 —
850 223 930 263 405
961 247 1014 251 ---
1553 226 1680 269 1679.

182 311 252 352 14.
287 310 652 363 Afluuyemz'am.
678 332 704 337 —
736 307 879 348 Innoo.
912 308 968 349 XI
999 309 1193 350 fidelibus
1229 324 1349 350 sacra
1383 311 1677 352 communione

99 378 266 419 refectis
287 377 358 430 qui
379 377 478 417 eccl.
504 375 573 418 SS.
596 377 709 418 Petri
729 382 771 418 et
791 378 911 419 Pauli
932 379 1028 419 coll.
1052 380 1151 421 cler.
1176 393 1263 432 reg.
1287 379 1329 421 S.
1362 379 1396 420 I.
1429 381 1508 421 civ,
1545 380 1678 422 Mexi-

99 467 191 493 can.
234 453 276 492 in
317 451 463 503 Indiis,
501 453 544 492 in
583 451 623 493 S.
666 451 850 505 Iosephi,
896 453 1239 495 Annuntiationis
1286 460 1328 496 et
1367 456 1679 509 Assumptionis

98 523 145 564 B.
171 522 229 564 M.
251 523 300 564 V.
327 523 620 564 immaculatae
641 524 759 564 festis
781 524 926 565 diebus
947 526 1222 577 visitaverint,
1247 527 1494 579 plenariam.
1519 527 1679 580 indulg.

100 593 304 635 concedit.
327 592 393 634 Ad
415 595 465 634 15
486 606 634 634 annos.

97 659 140 693 R.
161 670 220 702 ap.
241 659 277 693 S.
297 659 345 693 M.
367 659 413 692 M.
434 659 488 694 IX
504 659 571 694 Iul.
595 662 678 694 1678
697 660 738 692 P.
759 671 818 693 an.
841 661 882 694 ΙΙ.

1304 771 1390 812 Ray.
1411 771 1487 804 bun
1528 772 1584 806 vJ.
1604 775 1682 807 251.

185 879 254 922 15.
288 878 336 918 A.
361 877 406 918 F.
431 877 481 919 R.
503 877 559 919 M.
583 886 691 921 Cum
710 884 825 921 sicut
846 888 1118 934 accepemus.
1138 904 1164 909 -
1179 879 1324 920 Innoc.
1342 879 1401 921 Xl
1418 879 1679 922 Christifide-

101 947 211 989 libus
230 949 272 988 in
294 947 476 989 Verania
497 948 744 1001 degentibus
765 955 806 989 et
827 949 1056 990 catholicae
1077 949 1175 990 fidei
1195 951 1417 991 veritatem
1439 957 1680 993 constanter

102 1019 372 1073 sequentibus
392 1019 469 1060 sub
491 1019 719 1060 directione
754 1020 1031 1073 quorumdam
1068 1021 1207 1074 presb.
1247 1035 1330 1074 reg.
1371 1021 1410 1063 S.
1449 1022 1484 1064 Ι.
1525 1023 1608 1063 iam
1630 1023 1682 1064 ab

102 1090 265 1144 aliquot
284 1091 404 1131 annis
425 1104 574 1143 magno
595 1092 832 1132 animarum
854 1091 969 1132 lucro
987 1092 1046 1132 eis
1068 1092 1395 1145 invigilantium,
1414 1094 1684 1134 visitantibus

101 1160 332 1214 cappellam
373 1161 431 1201 ibi
470 1159 733 1202 aedificatam
774 1162 814 1201 in
856 1161 1019 1202 duobus
1059 1162 1176 1202 festis
1217 1169 1257 1203 et
1296 1164 1338 1203 in
1378 1164 1472 1204 aliis
1522 1164 1683 1205 duabus

102 1231 149 1273 B.
174 1231 232 1272 M.
256 1231 307 1273 V.
332 1232 626 1273 immaculatae
648 1232 948 1273 festivitatibus
978 1247 1050 1285 per
1086 1233 1152 1274 dd.
1170 1221 1316 1286 presb.
1343 1233 1607 1287 designandis
1642 1240 1684 1276 et

102 1303 506 1344 communicantibus
527 1303 597 1343 ind
633 1303 762 1356 plen,
783 1305 824 1343 in
843 1304 1014 1357 reliquis
1031 1306 1148 1345 festis
1165 1305 1283 1345 eiusd
1318 1306 1365 1346 Β.
1386 1304 1445 1347 M.
1466 1304 1514 1346 V.
1534 1307 1682 1347 imma-

102 1374 266 1416 culatae
287 1375 311 1414 7
333 1388 430 1415 ann.
455 1382 499 1415 et
519 1376 543 1414 7
565 1374 764 1428 quadrag.
789 1375 993 1416 concedit.
1020 1375 1083 1416 Ad
1105 1375 1373 1417 decennium.

103 1440 145 1474 R..
166 1452 223 1483 ap.
244 1440 266 1474 S
298 1442 344 1473 M.
368 1442 414 1474 M.
434 1441 502 1475 XV
518 1441 585 1475 Iul.
610 1442 690 1474 1678
711 1440 750 1475 P.
772 1452 828 1474 an.
849 1442 893 1476 11.

1308 1552 1395 1595 Rey.
1416 1552 1503 1586 [rull.
1532 1553 1589 1587 VI.
1608 1556 1683 1588 251.

187 1660 255 1703 16.
290 1658 329 1699 S.
355 1656 504 1711 Congr.
528 1658 685 1711 indulg.
708 1666 751 1700 et
771 1659 1061 1712 reliquiarum.
1085 1685 1110 1689 -
1133 1659 1356 1701 Decretum
1389 1674 1470 1714 quo
1501 1660 1684 1702 declara—

102 1734 171 1770 tur
191 1729 471 1782 indulgentias
492 1744 708 1771 concessas
730 1744 755 1771 a
774 1730 894 1783 Greg.
919 1729 1012 1781 XV,
1035 1732 1086 1771 27
1110 1731 1223 1783 Sept.
1257 1733 1362 1772 1622
1403 1732 1494 1777 (cfr.
1534 1746 1574 1773 n.
1611 1735 1683 1783 40)

104 1813 178 1853 pro
213 1800 400 1841 doctrina
429 1800 673 1853 christiana,
704 1815 784 1842 non
819 1814 910 1841 esse
947 1807 1162 1841 revocatas
1198 1801 1239 1841 111
1275 1801 1316 1842 S.
1355 1801 1390 1842 Ι.
1435 1803 1475 1841 111
1516 1802 1683 1843 decreto

103 1871 127 1910 ’7
151 1870 275 1912 Mart.
302 1870 419 1911 1678.

104 1938 146 1970 22
165 1936 251 1969 Nov.
276 1939 368 1970 1678.

1425 2046 1576 2081 Elench.
1597 2048 1686 2080 baal.

188 2168 258 2212 17.
291 2165 330 2207 S.
356 2164 504 2218 Congr.
529 2164 579 2205 de
600 2178 716 2218 prop.
740 2164 838 2206 fide.
862 2190 888 2194 —
918 2165 1096 2206 Decreta
1129 2179 1255 2218 super
1287 2165 1413 2206 rebus
1440 2166 1685 2207 Sinensibus

106 2242 147 2279 et
166 2237 436 2291 suspensione
458 2235 615 2276 decreti
635 2242 779 2276 contra
800 2240 941 2289 patres
962 2236 1002 2278 S.
1028 2235 1081 2285 1„
1105 2238 1277 2277 attentis
1298 2236 1462 2277 actibus
1484 2237 1682 2278 obedien-

107 2311 191 2351 tiae
212 2309 440 2362 praestitis,
463 2314 505 2350 et
524 2308 799 2361 promissione
820 2308 934 2348 facta
956 2324 979 2348 a
1000 2308 1046 2349 P.
1072 2309 1221 2361 Praep.
1259 2308 1361 2349 Gen.
1400 2308 1451 2349 de
1485 2309 1610 2361 plena
1644 2316 1687 2351 et

109 2386 258 2422 exacta
297 2379 535 2421 obedientia
582 2379 872 2430 subsecutura,
910 2385 952 2420 et
992 2379 1101 2432 quod
1150 2379 1262 2420 idem
1296 2379 1343 2419 P.
1381 2380 1483 2420 Gen.
1523 2386 1689 2421 revocet

109 2453 276 2506 propria
295 2452 543 2492 auctoritate
563 2464 588 2491 a
610 2450 891 2501 missionibus,
915 2464 1022 2503 quae
1047 2456 1144 2491 sunt
1164 2450 1380 2491 subiectae
1406 2450 1495 2491 Vic.
1520 2458 1686 2504 aposto-

109 2525 218 2577 licis,
256 2524 336 2565 PP.
374 2523 511 2564 Emm.
548 2522 756 2573 Ferreira,
792 2521 875 2563 Ios.
915 2522 1152 2562 Cardonum
1192 2526 1234 2562 et
1270 2521 1416 2562 Barth.
1454 2522 1608 2563 Acosta
1647 2528 1689 2564 et

110 2598 299 2650 imponat
336 2595 642 2637 observantiam
682 2607 826 2634 eorum
862 2607 968 2646 quae
1004 2594 1047 2633 in
1083 2594 1263 2634 formula
1298 2594 1521 2634 iuramenti
1558 2596 1688 2635 conti-

112 2673 280 2709 nentur.

114 2738 154 2770 13
172 2736 277 2768 Mart.
300 2735 394 2768 1679.

1436 2838 1586 2873 Elench.
1606 2839 1694 2875 bull.

198 2963 265 3006 18.
299 2959 342 3002 S.
362 2960 488 3012 Cong.
508 2957 632 3000 Conc.
651 2983 678 2989 -
698 2958 882 2999 Dubium
905 2958 1153 3011 capacitatis
1175 2958 1499 3000 haereditatum.
1518 2983 1543 2988 -
1559 2958 1694 3012 Super

118 3031 245 3073 dubio
275 3044 328 3073 an
362 3030 507 3072 domus
541 3029 650 3083 prof.
686 3029 806 3071 Rom.
842 3027 883 3071 S.
921 3029 956 3071 Ι.
995 3029 1127 3082 possit
1156 3028 1451 3070 administrare
1472 3029 1650 3070 fundum
1671 3043 1695 3071 a
