1989 3252
256 209 434 253 Urban.
455 207 587 252 VIII.
927 229 982 236 —
1010 206 1090 246 308
1119 229 1174 235 —
1715 205 1847 251 1623.

255 294 453 337 effectum
474 294 639 347 collegii
659 293 847 347 erigendi
868 295 1100 348 prioratum
1125 293 1280 334 saecul.
1319 306 1393 334 seu
1426 290 1680 344 hospitalem
1715 290 1764 332 B.
1786 289 1845 332 M.

257 366 309 407 de
331 363 584 415 Troncheto,
606 363 729 416 vulgo
752 363 802 405 de
826 363 1036 405 Tronchet
1056 377 1184 404 nunc.
1209 363 1247 404 d.
1273 363 1425 414 dioec,
1448 375 1523 415 per
1540 361 1717 402 liberam
1747 361 1849 402 resi-

254 436 497 489 gnationem
519 432 713 475 Gratiani
739 434 790 474 de
826 434 870 475 la
903 432 1107 475 Rochette
1142 434 1311 486 prioris,
1334 436 1604 486 procuratore
1640 430 1849 484 Stephano

255 505 423 559 Reybin
443 505 543 547 cler.
569 504 833 557 Gehennen„
857 509 1094 546 vacantem.
1120 505 1190 545 Fr.
1215 506 1270 546 24
1290 503 1387 545 duc.

253 571 300 607 R.
317 583 376 615 ap.
397 571 433 606 S.
453 572 503 606 M.
526 571 575 605 M.
596 571 663 607 VH
681 582 764 605 non.
786 572 981 606 Nov.1623
1000 570 1041 604 Ρ.
1061 581 1120 604 an.
1139 570 1167 605 Ι.

903 682 994 725 Req.
1015 679 1102 713 bun.
1132 679 1167 713 V.
1188 681 1264 714 310.
1287 678 1320 712 b.
1340 696 1383 702 —-
1399 677 1524 712 Fund.
1538 687 1602 720 pr.
1625 676 1754 721 Camp.
1772 682 1797 710 t.
1816 678 1849 710 I.

337 792 408 835 10.
445 791 797 834 Considerances
817 790 1071 842 Reliyzosos
1093 792 1136 830 S.
1159 794 1193 831 l.
1217 811 1243 817 -
1272 785 1435 829 Urban.
1458 785 1578 838 VIII,
1610 786 1849 840 petentibus

259 860 292 901 F
294 861 484 902 rancisco
507 858 706 901 Cauchon
735 857 874 911 presb.
899 855 1074 898 Remrn.
1098 855 1152 899 U.
1177 857 1213 899 I.
1237 858 1348 900 doct.
1374 864 1417 899 et
1450 861 1613 898 rectore
1648 861 1691 898 et
1725 856 1850 899 colle-

254 932 437 985 gialibus
469 931 565 973 coll.
591 930 631 972 S.
657 930 690 970 I.
728 930 772 970 in
807 930 885 971 ciV.
909 927 1105 981 Remen.,
1128 929 1301 971 mandat
1336 929 1506 971 officiali
1540 927 1847 971 Cathalaunen.

256 1008 304 1045 ut
324 1004 557 1057 prioratum
579 1002 627 1044 Β.
654 1001 711 1042 M.
733 1000 784 1043 de
799 1000 1043 1042 Larzicourt
1059 1001 1109 1042 O.
1133 1001 1175 1043 S.
1194 1002 1299 1055 Aug.
1321 1015 1416 1043 can.
1435 1015 1520 1054 reg.
1541 999 1848 1042 Cathalaunen.

259 1075 411 1127 dioec,
435 1089 460 1116 a
480 1088 591 1116 mon.
617 1073 658 1116 S.
682 1073 835 1115 Leonis
871 1072 1038 1114 Tullen.
1063 1072 1197 1115 dioec.
1221 1073 1262 1115 d.
1286 1073 1376 1115 ord.
1401 1072 1724 1126 dependentem,
1748 1086 1773 1114 a
1802 1072 1842 1114 d.

257 1147 469 1189 Francisc.
494 1146 548 1187 ad
569 1147 680 1187 hunc
701 1143 898 1187 effectum
920 1146 1191 1199 resignatum,
1213 1146 1334 1187 uniat
1369 1159 1466 1187 cum
1503 1144 1542 1187 d.
1568 1144 1665 1187 coll.
1703 1144 1772 1187 Fr.
1796 1146 1851 1187 24

256 1218 353 1261 duc.
377 1232 506 1272 super
541 1218 695 1272 quibus
730 1231 815 1259 una
851 1222 1020 1259 centum
1042 1217 1218 1259 Nicolao
1240 1217 1391 1271 Longis
1411 1216 1550 1271 presb.
1575 1216 1782 1258 Parisien.
1808 1219 1852 1258 et

255 1290 392 1332 altera
411 1292 491 1332 200
513 1290 608 1332 libr.
632 1293 827 1331 monetae
855 1288 1068 1331 Turonen.
1092 1288 1235 1331 Natali
1270 1289 1466 1342 Longean
1502 1288 1601 1330 cler.
1626 1282 1851 1341 pensiones

257 1375 424 1404 annuae
444 1365 684 1403 reservatae
704 1362 909 1403 existunt.

263 1429 308 1464 R.
328 1440 385 1472 ap.
407 1428 443 1463 S.
463 1428 517 1463 M.
535 1428 583 1463 M.
603 1439 688 1462 non.
710 1428 800 1463 Nov.
822 1431 907 1463 1623
926 1428 967 1462 Ρ.
988 1439 1047 1462 an.
1066 1428 1094 1463 I.

1490 1536 1581 1581 Ray.
1601 1536 1689 1571 bule.
1718 1536 1755 1570 V.
1776 1539 1851 1572 308.

340 1652 404 1695 11.
437 1656 672 1694 Romanus
694 1650 927 1704 Pontifex.
950 1672 976 1678 -
996 1646 1159 1688 Urban.
1199 1645 1318 1698 VIII,
1355 1650 1527 1700 petente
1561 1645 1710 1700 Praep.
1742 1646 1847 1688 Gen.

258 1722 298 1764 S.
323 1721 378 1774 I.,
402 1720 577 1762 mandat
598 1719 765 1761 officiali
786 1718 1023 1760 Xantonen.
1051 1723 1096 1759 ut
1116 1732 1211 1759 cum
1234 1718 1329 1759 coll.
1354 1717 1395 1759 d.
1419 1717 1461 1759 S.
1486 1718 1531 1758 in
1553 1718 1632 1759 civ.
1657 1717 1849 1771 Engolis-

258 1807 371 1834 men.
395 1806 530 1846 nuper
550 1796 689 1833 erecto
710 1791 829 1831 uniat
853 1790 1086 1844 prioratum
1115 1788 1156 1831 S.
1181 1787 1297 1829 Petri
1333 1788 1384 1830 de
1418 1788 1593 1830 Iarnaco
1615 1788 1664 1830 Ο.
1687 1787 1731 1831 S.
1754 1788 1802 1830 Β.
1826 1802 1852 1829 a

260 1863 472 1918 Stephano
508 1862 736 1904 Fontaines
777 1862 933 1915 priore,
963 1874 1075 1915 proc.
1120 1859 1279 1902 Ioanne
1314 1859 1539 1902 Marchant
1572 1860 1672 1901 cler.
1711 1860 1851 1901 Picta—

258 1937 369 1977 vien.
394 1936 668 1988 resignatum,
691 1933 839 1975 habitu
862 1946 943 1974 non
970 1938 1113 1974 tamen
1134 1937 1231 1973 actu
1265 1931 1603 1984 conventualem,
1626 1945 1652 1972 a
1686 1944 1851 1973 monas-

259 2007 365 2048 terio
400 2006 443 2048 S.
480 2005 679 2059 Eparchii
727 2003 767 2046 d.
807 2003 896 2045 ord.
934 2009 977 2046 et
1024 2002 1311 2056 Engolismen.
1349 2003 1483 2045 dioec.
1526 2001 1849 2055 dependentem.

259 2077 329 2122 Fr.
352 2080 406 2120 24
424 2077 520 2120 duc.

259 2145 302 2179 R.
321 2155 379 2188 ap.
401 2144 437 2180 S.
458 2144 507 2179 M.
527 2144 577 2178 M.
599 2144 648 2177 id.
669 2144 757 2177 Nov.
780 2145 865 2178 1623
883 2144 922 2178 P.
944 2154 1003 2177 an.
1021 2143 1067 2177 I..

1439 2243 1441 2246 ⁴
1485 2251 1576 2295 Ray.
1597 2250 1690 2303 bun.
1715 2250 1752 2284 V.
1773 2252 1850 2285 304.

342 2376 412 2419 12.
447 2374 496 2415 A.
524 2374 569 2415 P.
592 2372 642 2415 R.
667 2371 725 2415 M.
751 2379 876 2416 Inter
894 2375 1050 2427 fideles
1071 2374 1303 2428 quoslibet.
1325 2395 1351 2401 —
1372 2369 1534 2412 Urban.
1558 2369 1679 2423 VIII,
1703 2374 1850 2424 peten-

260 2444 374 2485 tibus
408 2444 594 2498 Gaspare
629 2444 799 2485 Ginesio
834 2448 936 2485 rect.
973 2457 1116 2497 praep.
1155 2456 1280 2484 nuno.
1319 2441 1626 2496 parochialium
1661 2441 1767 2483 eccl.
1805 2441 1848 2482 in

261 2515 418 2557 Chodel
439 2519 482 2557 et
502 2514 720 2556 Ratsossin
745 2515 989 2556 Cracovien.
1014 2515 1148 2556 dioec.
1185 2518 1229 2555 et
1262 2519 1423 2555 rectore
1459 2513 1557 2554 coll.
1581 2512 1624 2555 S.
1647 2512 1683 2554 I.
1705 2511 1850 2553 Lubli-

261 2601 379 2639 nen.,
416 2586 637 2628 confirmat
675 2587 939 2628 concordiam
981 2588 1091 2628 inter
1124 2599 1195 2628 eos
1230 2586 1378 2627 initam
1419 2597 1547 2638 super
1585 2584 1760 2626 decimis
1795 2597 1849 2625 ex

262 2658 445 2711 praediis
467 2658 670 2700 bonorum
694 2657 925 2700 Chodelien
949 2673 956 2699 :
981 2662 1117 2699 rector
1151 2657 1192 2699 d.
1231 2656 1327 2698 coll.
1351 2655 1462 2698 cedit
1481 2656 1646 2697 ratione
1667 2654 1849 2696 decima—

260 2743 355 2770 rum
388 2731 415 2771 2
448 2730 592 2771 laneos
626 2730 715 2783 agri
750 2720 793 2770 in
827 2729 956 2770 fundo
987 2728 1178 2770 suburbii
1213 2727 1455 2769 Chodelien.
1485 2726 1608 2780 vulgo
1645 2726 1849 2767 Klodaica

261 2814 388 2842 nunc.
412 2802 529 2855 sitos,
552 2806 675 2854 prata
695 2802 738 2842 in
759 2801 971 2855 crepidine
992 2801 1177 2854 piscinae
1198 2799 1367 2853 Budijm
1403 2813 1497 2840 cum
1533 2800 1622 2840 iure
1656 2797 1846 2850 dominii,

261 2872 422 2926 Gaspar
441 2886 539 2914 vero
556 2877 599 2914 et
613 2886 875 2914 successores
890 2872 1045 2914 cedunt
1059 2872 1243 2913 decimas
1264 2885 1317 2913 ex
1337 2870 1521 2924 praediis
1537 2870 1605 2912 dd.
1627 2869 1845 2911 bonorum.

260 2938 307 2974 R.
324 2949 383 2981 ap.
403 2939 439 2974 S.
458 2939 508 2974 M.
527 2939 578 2975 M.
598 2939 685 2975 XIII
701 2940 793 2976 Nov.
814 2941 896 2974 1623
913 2939 955 2974 Ρ.
975 2949 1034 2973 an.
1052 2939 1080 2974 Ι.

1435 3045 1525 3090 Ray.
1547 3045 1636 3082 buu.
1660 3046 1696 3081 V.
1717 3047 1792 3083 153.
1811 3045 1848 3080 b.
