1989 3252
99 216 240 260 Clem.
264 213 350 258 XI.
758 233 810 240 -
839 211 920 250 449
950 233 1004 239 -—
1544 206 1671 250 1718.

97 302 239 353 stabit,
250 304 467 354 praesente
484 296 686 339 cardinali
702 295 878 338 Albano.
899 295 1077 336 Nuntiat
1092 293 1178 335 filio
1195 293 1401 346 Principis
1417 292 1469 334 de
1488 294 1675 335 Starem-

100 373 197 426 berg
216 372 510 413 canonicatum
533 368 776 409 Passavien.
801 367 999 407 collatum
1021 366 1087 407 iri.

97 438 146 473 VI
163 438 243 471 Oct.
268 439 363 472 1717.

100 545 210 579 Clem.
230 544 326 578 XI...
346 546 450 587 epist.

182 655 282 697 106.
316 658 440 695 Inter·
459 657 637 694 caetera
663 652 833 693 cordis.
856 672 881 678 —
913 648 1045 689 Clem.
1069 646 1128 688 XI
1164 645 1217 688 ad
1251 646 1493 699 episcopum
1527 643 1676 686 Craco-

97 725 206 766 vien.
232 722 435 773 scribenS,
458 720 679 762 confirmat
705 725 747 760 et
767 719 972 772 approbat
993 717 1259 759 concordiam
1283 717 1393 757 inter
1412 715 1676 770 presbyteros

97 795 138 837 S.
156 794 191 836 Ι.
211 792 352 846 oppidi
370 791 676 833 Sandomirien.
695 789 825 831 dioec.
851 788 1094 831 Cracovien.
1120 802 1167 829 ac
1189 793 1470 841 promotorem
1490 785 1675 827 fiscalem

98 866 240 907 curiae
282 863 531 917 episcopalis
579 860 820 903 Cracovien.
867 866 909 901 et
957 862 1273 912 procuratorem
1320 856 1506 898 fiscalem
1561 856 1677 909 regni

99 936 298 978 Poloniae
317 935 504 987 aliosque
526 933 613 974 litis
634 937 845 973 consortes
863 932 1010 972 initam
1029 931 1141 971 circa
1161 929 1381 970 ecclesiam
1398 926 1678 982 parochialem

99 1005 170 1049 SS.
189 1005 305 1047 Petri
324 1010 366 1046 et
386 1003 506 1045 Pauli
527 1004 648 1056 eique
669 1015 877 1043 annexam
900 1001 1257 1043 Samborzensem.

101 1073 141 1108 R.
162 1084 219 1116 ap.
238 1072 274 1106 S.
295 1072 346 1105 M.
368 1071 420 1105 M.
436 1069 519 1105 vm
536 1069 585 1102 id.
604 1069 686 1103 Nov
717 1070 803 1103 1717
818 1068 858 1102 P.
878 1079 935 1101 an.
956 1066 1093 1102 XVIII.

1040 1178 1163 1211 Fund.
1186 1177 1317 1210 Poton.
1338 1176 1403 1210 IV.
1423 1176 1680 1209 Sandomirae.

183 1293 288 1337 107.
319 1297 371 1334 In
392 1305 444 1334 ea
465 1295 512 1332 in
533 1304 622 1345 qua
646 1291 789 1331 modo.
815 1310 840 1318 -
869 1285 1001 1327 Clem.
1024 1284 1083 1326 XI
1105 1285 1282 1337 Georgio
1309 1283 1553 1325 Tonneman
1574 1282 1614 1323 S.
1640 1281 1676 1322 I.

99 1375 210 1404 caes,
232 1366 275 1403 et
307 1361 420 1402 cath.
453 1361 688 1401 maiestatis
722 1359 976 1400 confessario
1012 1357 1234 1398 denuntiat
1268 1354 1493 1395 discrimen
1529 1352 1678 1393 salutis

100 1438 298 1474 aeternae
328 1446 401 1486 pro
423 1445 533 1472 caes.
558 1436 599 1472 et
634 1430 745 1471 cath.
771 1430 1007 1480 maiestate,
1030 1429 1065 1468 si
1100 1433 1241 1468 tamen
1276 1427 1368 1478 ipsa
1402 1424 1572 1465 iubente
1608 1429 1682 1464 aut

99 1504 283 1555 conscia,
308 1503 483 1543 nuntius
503 1501 543 1543 S.
568 1501 686 1542 Sedis
710 1515 731 1541 e
767 1499 803 1540 N
808 1500 944 1552 eapol.
967 1511 1093 1551 regno
1124 1497 1341 1550 expulsus,
1365 1495 1568 1536 abolitum
1592 1495 1682 1535 eius

101 1574 285 1615 tribunal
321 1580 363 1615 et
384 1574 517 1614 omnis
553 1573 640 1613 fere
662 1571 815 1613 Pontis.
841 1569 1141 1610 iurisdictionis
1173 1569 1309 1619 imago
1341 1566 1564 1607 deturbata
1586 1565 1678 1616 fuit,

104 1646 263 1688 moneri
284 1659 375 1686 eam
397 1644 515 1685 iubet
533 1657 582 1685 eo
604 1657 684 1696 quo
707 1656 781 1696 par
801 1646 865 1682 est
886 1641 972 1681 zelo
993 1646 1034 1681 et
1056 1638 1285 1692 apostolica
1307 1638 1515 1678 libertate.

108 1713 151 1747 R.
170 1711 237 1747 XII
254 1711 337 1745 Dee.
363 1713 444 1745 1717
464 1710 502 1743 Ρ.
524 1721 581 1743 an.
605 1708 734 1743 XVIII.

109 1820 220 1854 Clem.
240 1819 336 1855 XI.
356 1823 460 1864 epist.

191 1930 293 1974 108.
330 1935 516 1984 Coync'ca
552 1930 855 1982 subreptione.
898 1947 923 1954 —
964 1922 1094 1964 Clem.
1139 1920 1198 1962 XI
1238 1920 1474 1962 vicecomiti
1517 1919 1682 1971 maiori,

110 1999 290 2041 scabinis
309 2003 351 2040 et
370 1997 543 2039 consilio
564 1998 746 2038 civitatis
769 1995 897 2037 Dolae
919 1993 1126 2047 significat
1147 2007 1206 2044 se,
1229 1993 1394 2045 cognita
1416 1991 1685 2043 subreptione

111 2084 195 2125 qua
215 2070 358 2112 Simon
392 2069 549 2110 Rochet
570 2070 797 2122 prioratum
835 2067 876 2108 S.
901 2066 1081 2108 Simonis
1113 2065 1163 2105 de
1200 2063 1361 2116 Motha,
1384 2077 1409 2104 a
1437 2061 1562 2114 Greg.
1585 2060 1689 2101 XIII

111 2142 206 2184 coll.
229 2141 271 2184 S.
295 2140 328 2182 I.
355 2140 524 2182 Dolensi
544 2140 709 2181 unitum
731 2138 926 2189 obtinuit,
952 2137 1188 2177 litterarum
1207 2140 1343 2188 apost.
1367 2132 1571 2174 eiusmodi
1594 2145 1687 2185 pro-

112 2213 284 2254 visionis
299 2212 588 2253 executionem
605 2209 873 2262 impedivisse
895 2224 903 2260 ;
927 2212 1108 2249 testatur
1130 2206 1169 2248 d.
1195 2206 1287 2247 Soc.
1312 2218 1337 2246 a
1357 2217 1401 2245 se
1422 2216 1689 2255 summopere

113 2283 248 2337 diligi,
270 2284 442 2336 eiusque
463 2283 554 2322 iura
574 2282 684 2322 tueri
706 2293 916 2334 nunquam
940 2279 1220 2320 intermittant
1240 2290 1310 2318 eos
1331 2276 1537 2317 hortatur.

114 2350 157 2385 R.
178 2350 263 2385 XIV
281 2351 364 2384 Dec.
388 2351 469 2384 1717
491 2349 528 2382 Ρ.
550 2359 608 2381 an.
629 2347 760 2382 XVIII.

113 2459 185 2493 Iul.
206 2459 367 2501 Poyiam‘
383 2469 436 2501 ep.
457 2457 506 2490 II.
529 2459 602 2491 174.
624 2475 661 2479 —
685 2456 794 2489 Clem.
816 2455 880 2488 XI.
902 2457 1007 2498 epist.

199 2580 299 2623 109.
332 2575 373 2617 S.
395 2575 521 2629 Cong.
546 2575 833 2628 episcoporum
854 2578 896 2613 et
916 2586 999 2625 reg.
1019 2596 1045 2601 -
1065 2569 1197 2624 Super
1216 2569 1461 2610 fundatione
1482 2568 1594 2608 facta
1614 2579 1690 2619 per

118 2649 360 2702 episcopum
389 2646 636 2697 Zamoren.;
668 2645 839 2698 praevia
858 2643 1078 2684 sanatione
1095 2641 1354 2694 approbatur
1374 2638 1451 2679 sub
1483 2638 1687 2691 qualitate

125 2732 255 2773 purae
274 2723 317 2760 et
336 2718 537 2771 simplicis
558 2716 823 2758 residentiae.

121 2788 164 2820 29
179 2786 267 2828 Apr.
291 2786 385 2819 1718.

121 2896 233 2928 Anal.
252 2897 327 2928 iur.
343 2896 478 2935 pontif.
507 2892 596 2927 VIII
612 2904 647 2936 p.
667 2894 742 2927 112.

204 3019 296 3062 110.
329 3015 478 3069 Congr.
501 3030 534 3057 s.
558 3017 626 3057 rit.
649 3020 691 3056 et
710 3014 797 3057 ind.
815 3038 842 3045 -
862 3013 952 3068 Epo
974 3013 1152 3066 Brugen.
1177 3012 1337 3066 petenti
1367 3008 1451 3051 ind.
1474 3006 1587 3062 plen.
1624 3019 1699 3060 pro
