1989 3252
243 183 387 227 Clem.
408 181 494 224 XI.
910 197 952 202 ἡ
985 174 1069 214 434
1096 197 1152 203 -
1699 173 1829 217 1706.

325 270 394 313 33.
431 267 558 318 (long.
583 278 666 306 sac.
691 264 761 304 rit.
783 287 810 292 -
831 261 1084 302 Tusculana.
1109 262 1241 314 Super
1261 260 1545 301 controversia
1567 259 1618 300 ‹le
1638 260 1826 312 ingressu

243 339 414 394 parochi
435 339 477 378 in
498 336 719 378 ecclesiam
741 334 780 375 S.
810 334 840 375 Ι.
865 335 1084 374 occasione
1103 332 1314 385 funerum,
1338 347 1433 373 cum
1458 332 1564 373 stola
1586 335 1628 372 et
1647 343 1786 372 cruce.

241 409 282 440 22
303 406 394 447 Aug.
418 405 514 438 1705.

249 514 476 550 Gardellz'nz'.
495 515 594 547 3731.

326 627 397 670 34.
432 626 645 677 lnfflcmrz'
675 635 765 664 non
780 633 1044 676 possumus.
1069 642 1095 648 -
1115 616 1249 658 Clem.
1274 615 1333 657 XI
1368 616 1638 670 Inghelberto
1675 613 1834 657 Biscoff

242 697 283 739 S.
309 696 342 738 Ι.
367 694 488 736 CaeS.
512 694 676 735 maiest.
700 690 952 733 confessario
974 688 1162 731 dolorem
1198 702 1320 729 suum
1342 688 1552 740 significat
1572 687 1683 741 quod
1718 687 1832 728 Iose-

244 770 351 823 phus
371 767 494 809 Rom.
518 779 608 818 rex,
627 765 811 806 alienum
831 776 856 803 a
877 775 920 803 se
938 761 1155 802 Pontificis
1171 761 1360 801 animum
1384 774 1438 801 ex
1459 761 1563 801 actis
1583 759 1832 800 existimans

244 840 450 882 Nuntium
473 837 514 879 S.
533 836 574 878 S.
595 836 648 878 ab
669 836 770 877 aula
790 834 996 875 dimiserit
1017 841 1060 874 et
1080 837 1288 873 oratorem
1311 845 1433 872 suum
1455 831 1508 872 ab
1529 829 1647 871 Urbe
1665 843 1834 871 revoca—

242 913 351 954 verit
371 929 379 964 3
399 912 591 952 hortatur
608 911 772 950 revocet
786 906 903 947 Caes.
926 905 1090 946 maiest.
1113 903 1165 944 ab
1183 904 1260 944 hoc
1281 903 1468 954 dissidio,
1491 903 1608 944 bonis
1625 903 1832 955 luctuoso,

245 984 343 1025 fidei
363 982 556 1024 hostibus
591 985 708 1033 grato
744 984 787 1020 et
821 977 1015 1018 solatium
1039 989 1113 1029 per
1147 975 1414 1016 conciliatam
1452 975 1542 1015 eius
1577 974 1837 1015 voluntatem

244 1057 355 1097 curis
376 1053 606 1108 pontificiis
628 1056 762 1106 paret.

245 1121 355 1156 XXX
374 1122 467 1163 Aug.
491 1122 576 1154 1705
596 1119 635 1152 Ρ.
656 1129 715 1151 an.
737 1116 799 1151 VI.

251 1232 363 1266 Clem.
385 1231 465 1265 XI..
486 1230 674 1274 epistolae.

331 1343 403 1387 35.
428 1347 513 1382 Lae
535 1342 601 1380 αίι·
619 1336 975 1381 sumus.-Clem.
996 1334 1055 1376 XI
1076 1334 1270 1386 sculteto,
1288 1333 1584 1375 laudamannis
1607 1336 1649 1373 et
1670 1331 1837 1373 senatui

250 1418 275 1456 5
297 1428 350 1456 ex
385 1415 410 1454 8
445 1412 563 1466 pagis
598 1410 707 1452 helv.
746 1409 983 1460 catholicis,
1025 1409 1253 1458 Lucemae,
1290 1405 1494 1457 Uraniae,
1532 1403 1839 1456 Subsilvaniae,

250 1485 373 1528 Svitii
393 1489 435 1526 et
457 1483 578 1536 Tugii
598 1481 837 1535 gratulatur
855 1480 1039 1521 fructum
1062 1493 1115 1520 ex
1137 1477 1407 1519 missionibus
1428 1476 1674 1530 apostolicis
1701 1474 1842 1516 Fulvii

251 1558 445 1600 Fontana
482 1559 523 1598 S.
549 1555 585 1596 I.
609 1561 653 1596 et
686 1554 894 1595 auxilium
917 1554 955 1593 ei
992 1552 1244 1605 praestitum
1265 1566 1272 1591 :
1298 1563 1407 1603 quae
1428 1562 1572 1590 eorum
1594 1548 1764 1588 nomine
1799 1546 1841 1588 d.

252 1630 426 1672 Fulvius
448 1628 662 1682 proposuit
688 1628 800 1667 circa
821 1624 1029 1677 Turegum
1046 1631 1090 1664 et
1114 1621 1405 1675 Rapersuilam
1429 1619 1673 1674 (Appenzell
1696 1619 1733 1672 22)
1765 1632 1839 1672 pro

256 1700 474 1744 dilatanda
490 1699 591 1750 fide,
604 1712 630 1740 a
648 1697 842 1739 Fabricio
859 1695 983 1738 Card.
996 1694 1135 1748 spada
1151 1694 1285 1735 fusius
1301 1693 1381 1733 sibi
1398 1692 1554 1745 exponi
1569 1696 1736 1745 gratum
1748 1691 1841 1731 erit.

251 1769 295 1804 R.
316 1780 362 1810 ap
394 1768 429 1802 S.
453 1767 492 1801 P.
515 1765 623 1800 XXX
643 1765 727 1798 Dec.
750 1766 834 1798 1705
853 1763 893 1815 P.
914 1773 972 1796 an.
994 1762 1054 1797 VI.

258 1879 375 1914 Clem.
392 1877 473 1912 XI..
495 1879 682 1921 epistolae.

338 1991 409 2035 36.
444 1987 661 2029 Resolutio
682 1984 752 2027 SS.
777 1984 945 2026 Domini
969 1982 1015 2024 P.
1037 1982 1170 2024 Clem.
1195 1980 1255 2022 XI
1289 1982 1330 2022 in
1354 1994 1495 2033 congr.
1514 1994 1606 2033 gen.
1634 1980 1678 2021 S.
1701 1979 1845 2034 Inqui-

255 2062 435 2104 sitionis.
460 2059 621 2101 Relatis
643 2057 810 2099 decreto
832 2057 884 2097 23
907 2055 1002 2096 Iun.
1024 2055 1131 2095 1704
1149 2053 1287 2095 Caroli
1309 2051 1387 2094 Th.
1413 2052 1464 2094 de
1481 2052 1694 2103 Tournon‚
1712 2051 1843 2105 patri-

254 2135 371 2177 arch.
396 2131 596 2174 Antioch.
622 2129 744 2170 Visit.
769 2127 1007 2182 apostolici,
1031 2127 1207 2180 eiusque
1242 2125 1397 2166 litteris
1433 2126 1455 2164 9
1479 2128 1521 2165 et
1553 2125 1602 2165 10
1637 2122 1719 2164 Iul.
1743 2122 1846 2163 dicit

253 2204 566 2250 rescribendum
590 2216 682 2244 esse
702 2199 1033 2243 commendando
1054 2200 1145 2240 eius
1164 2197 1432 2252 prudentiam
1450 2202 1492 2238 et
1507 2196 1659 2247 zelum,
1677 2200 1720 2238 et
1736 2195 1846 2249 quod

254 2282 405 2322 exacte
423 2276 580 2318 servari
602 2274 726 2316 debet
745 2274 835 2314 eius
857 2271 1089 2322 decretum,
1111 2270 1243 2311 donec
1264 2269 1388 2310 aliter
1418 2282 1443 2310 a
1463 2268 1569 2310 Sede
1589 2268 1669 2321 Ap.
1707 2266 1845 2320 provi-

255 2365 347 2393 sum
369 2350 512 2401 fuerit,
536 2351 759 2402 postquam
782 2358 853 2386 eos
875 2342 1056 2384 audierit
1076 2343 1149 2396 qui
1170 2341 1329 2395 aliquid
1348 2340 1549 2381 adversus
1570 2339 1611 2380 d.
1631 2339 1844 2380 decretum

254 2421 515 2465 afferendum
537 2418 776 2460 habuerint.
801 2414 976 2456 Mandat
1006 2414 1211 2455 reassumi
1233 2413 1373 2453 omnia
1393 2414 1506 2452 circa
1526 2412 1632 2452 ritus
1654 2409 1842 2451 malaba-

254 2495 364 2536 ricos
384 2491 438 2534 ad
458 2491 499 2533 S.
525 2489 674 2532 Sedem
698 2488 840 2529 delata
860 2492 903 2528 et
923 2486 1214 2539 quaestionem
1236 2484 1287 2525 de
1309 2483 1463 2525 Pare-as
1485 2483 1712 2536 separatim
1745 2494 1844 2522 exa-

256 2566 423 2608 minari.

254 2633 320 2668 VII
335 2633 412 2668 Ian.
436 2633 530 2666 1706.

254 2743 356 2778 Buce.
375 2742 420 2776 de
434 2752 592 2786 propaq.
610 2740 684 2784 fide
701 2738 773 2773 III.
798 2739 870 2772 171.

338 2866 409 2910 37.
445 2863 872 2908 Comzncmlavz'mus
892 2874 1014 2903 anno
1034 2862 1202 2914 elapso.
1226 2882 1251 2887 -
1271 2856 1402 2898 Clem.
1423 2854 1483 2897 XI
1504 2855 1700 2908 Philippo
1718 2853 1839 2907 Hisp.

255 2937 343 2989 regi
374 2934 582 2976 catholico
617 2931 851 2985 gratulatur
884 2931 1100 2984 negotium
1134 2929 1414 2982 expeditionis
1449 2940 1594 2968 sacrae
1628 2925 1681 2967 ad
1716 2916 1844 2966 novas

257 3007 418 3049 insulas
439 3005 595 3047 Oceani
616 3003 761 3055 sinici,
785 3016 894 3044 anno
916 3001 1058 3054 elapso
1080 3014 1155 3054 per
1178 2999 1306 3042 Andr.
1332 2999 1555 3041 Serranum
1579 2997 1621 3039 S.
1645 2997 1679 3038 Ι.
1704 3011 1727 3038 e
1748 2996 1845 3037 Phi-
