1989 3252
283 155 426 201 Clem.
451 154 589 199 XIII.
949 177 1004 184 ——
1032 154 1114 195 486
1143 178 1198 185 -
1735 156 1867 201 1762.

363 244 435 287 20.
470 248 558 285 Noc·
584 244 878 297 venyhz'amo.
910 266 936 271 -
971 241 1103 284 Clem.
1143 241 1248 283 XIII
1282 254 1423 295 regem
1456 241 1621 283 Galliae
1655 246 1773 296 rogat
1815 256 1869 285 ne

282 314 584 355 extinctionem
606 311 645 353 S.
670 311 706 353 I.
730 312 773 352 in
793 313 881 354 suis
903 312 1083 354 statibus
1103 314 1339 366 permittat.

283 380 397 414 Roma
416 379 451 412 di
469 379 504 413 S.
525 378 574 411 M.
595 379 642 414 M.
664 379 676 412 Ι
696 378 838 422 Giugno
860 381 958 413 1762.

280 487 526 531 Reiffenberq,
549 486 643 520 Hist.
662 486 697 522 S.
715 487 743 521 I.
764 489 813 520 ad
834 486 1017 527 Rhenum,
1037 487 1233 528 Μαηιέεεα,
1256 499 1289 530 p.
1313 490 1388 523 145.

363 609 432 652 21.
469 613 643 654 Quanto
663 613 711 649 in
733 609 902 650 dolore.
930 630 955 635 -
976 605 1109 648 Clem.
1136 604 1241 647 XIII
1263 606 1480 660 episcopos
1501 605 1682 659 Galliae,
1701 606 1753 648 ad
1770 606 1871 647 cleri

283 683 535 720 conventum
569 677 765 718 Lutetiae
799 682 1086 730 congregatos,
1123 677 1317 718 hortatur
1352 682 1400 718 ut
1448 677 1703 719 Societatem
1754 677 1869 730 Iesu,

286 750 467 802 positam
502 749 634 790 veluti
668 749 832 801 signum
868 749 936 788 cui
976 748 1349 801 contradiceretur,
1384 749 1503 790 cuius
1535 748 1782 791 Institutum
1816 749 1870 790 ab

286 820 402 862 Eccl.
426 820 539 862 cath.
561 821 606 861 in
627 819 815 861 Trident.
835 819 993 871 synodo
1014 820 1350 873 comprobatum,
1374 825 1437 861 tot
1456 819 1544 862 RR.
1568 820 1651 862 ΡΡ.
1675 820 1872 862 laudibus

285 892 547 933 cumulatum
586 895 665 944 est,
706 891 911 932 laicorum
942 896 1192 932 novatorum
1231 891 1414 933 factione
1461 905 1721 945 oppressam,
1761 891 1874 945 apud

286 976 426 1016 regem
449 967 665 1004 tueantur.

283 1029 326 1064 R.
347 1040 406 1072 ap.
427 1029 462 1064 S.
483 1029 533 1064 M.
552 1029 601 1065 M.
623 1030 673 1064 IX
690 1029 771 1064 Iun.
795 1031 876 1064 1762
895 1029 936 1063 P.
958 1039 1017 1062 an.
1037 1028 1100 1063 IV.

286 1138 385 1173 Ball.
405 1138 514 1171 Rom.
532 1156 572 1162 -
596 1137 838 1181 Reiffenbery,
859 1148 914 1181 op.
934 1139 993 1170 cit.
1015 1138 1134 1172 Mam.
1156 1149 1189 1180 p.
1213 1140 1285 1172 146.

369 1249 441 1292 22.
478 1250 729 1291 Laudabile
749 1253 874 1290 Rom.
900 1249 1191 1301 Ponte‘fe‘ozmz.
1228 1270 1250 1275 -
1288 1245 1419 1288 Clem.
1458 1245 1562 1288 XIII
1597 1247 1803 1301 approbat
1836 1252 1878 1288 et

288 1317 512 1360 confirmat
532 1316 799 1359 concordiam
816 1318 927 1358 inter
942 1316 1186 1358 Florianum
1203 1318 1418 1358 unitorum
1439 1318 1545 1359 ritus
1561 1319 1699 1372 graeci
1716 1317 1876 1360 Ruthe-

288 1404 437 1431 norum
474 1390 837 1443 archiepiscopum
874 1394 915 1430 et
944 1388 1044 1430 cler.
1078 1402 1164 1442 reg.
1190 1388 1231 1430 S.
1255 1387 1290 1430 I.
1315 1388 1409 1430 coll.
1449 1389 1694 1431 Polokensis
1728 1391 1772 1431 in
1804 1390 1878 1431 lite

288 1466 380 1502 orta
400 1475 526 1514 super
545 1461 664 1502 bonis
686 1474 710 1502 a
731 1460 876 1513 Steph.
901 1459 1075 1501 Bathori
1097 1460 1186 1502 Pol.
1207 1474 1302 1513 rege
1324 1474 1434 1502 anno
1459 1462 1566 1503 1682
1586 1461 1626 1503 d.
1652 1461 1746 1502 coll.
1766 1460 1877 1502 datis

288 1546 430 1574 coram
465 1546 581 1574 caus.
605 1532 689 1586 pal.
714 1532 934 1585 apostolici
970 1532 1194 1574 auditorio.
1234 1533 1417 1574 Antonio
1453 1531 1643 1586 Eugenio
1680 1533 1877 1586 archiepo

287 1604 515 1657 Ephesino,
539 1617 612 1645 3110
647 1603 760 1657 apud
781 1603 941 1645 Frider.
967 1604 1202 1656 Augustum
1225 1617 1363 1656 regem
1395 1603 1556 1645 Nuntio
1581 1605 1807 1646 committit
1830 1608 1877 1645 ut

288 1677 400 1717 intra
419 1680 504 1717 tres
525 1689 658 1717 annos
678 1676 850 1717 termini
871 1676 913 1716 in
933 1676 1044 1728 agris
1066 1676 1277 1716 conversis
1298 1680 1580 1729 apponantur.

291 1742 332 1777 R.
352 1753 411 1785 ap.
432 1742 467 1777 S.
488 1743 538 1777 M.
558 1743 608 1777 M.
627 1741 679 1776 XI
695 1742 774 1777 Iun.
795 1744 880 1777 1762
899 1742 941 1777 Ρ,
960 1752 1018 1775 an.
1038 1742 1099 1776 IV.

293 1853 394 1886 Ball.
419 1853 526 1887 Rom.
545 1870 587 1874 —
604 1850 705 1884 Bull.
725 1853 769 1883 de
782 1862 937 1894 propay.
958 1851 1033 1894 fide
1049 1850 1113 1885 IV.
1133 1853 1187 1886 77.

374 1963 447 2006 '33-
481 1966 764 2004 Litterarwn
797 1966 1003 2003 tuarum.
1040 1983 1065 1989 -
1101 1958 1232 2001 Clem.
1270 1958 1374 1999 XIII
1412 1959 1653 2001 Alexandro
1688 1962 1881 2015 episcopo

296 2031 519 2073 Valentino
540 2031 735 2072 condolet
770 2030 821 2071 de
842 2031 1006 2071 iniuriis
1028 2043 1132 2084 quas
1167 2031 1211 2071 in
1231 2029 1371 2071 Gallia
1392 2030 1434 2072 S.
1458 2030 1493 2073 I.
1519 2032 1689 2085 accipit,
1713 2046 1766 2073 ne
1796 2032 1882 2074 ullo

291 2103 459 2157 quidem
496 2103 672 2144 crimine
707 2103 752 2142 in
786 2101 942 2143 iudicio
977 2106 1189 2153 accusata,
1213 2105 1255 2143 et
1290 2102 1340 2143 de
1376 2102 1612 2144 amandatis
1650 2104 1877 2157 veteribus,

290 2175 492 2228 novisque
512 2173 683 2215 adscitis
713 2173 939 2226 magistris,
963 2186 1144 2226 eumque
1167 2172 1358 2214 obsecrat
1385 2178 1431 2214 ut
1450 2173 1643 2216 intendat
1664 2175 1806 2217 oculos
1829 2188 1882 2216 ne

292 2250 583 2299 praeceptores
604 2258 805 2286 novarum
827 2244 1112 2286 doctrinarum
1133 2250 1324 2286 amantes
1345 2244 1639 2288 adhibeantur.

290 2312 334 2347 R.
354 2323 413 2354 ap.
434 2312 468 2345 S.
492 2312 539 2346 M.
561 2311 610 2345 M.
630 2313 650 2346 8
668 2310 741 2345 kal.
762 2311 829 2345 Iul.
852 2313 935 2345 1762
956 2310 994 2343 Ρ.
1015 2321 1073 2344 au.
1094 2310 1157 2347 IV.

293 2420 532 2464 Reiffaenberq,
559 2432 614 2464 op.
635 2424 692 2453 cit.
717 2420 834 2454 Mam.
856 2431 889 2462 p.
912 2422 984 2455 148.
1006 2439 1048 2443 ——
1066 2420 1119 2454 De
1136 2420 1350 2463 Ravz'ynan,
1371 2431 1427 2464 op.
1448 2423 1509 2454 cit.
1529 2421 1579 2455 II.
1602 2433 1635 2464 p.
1655 2423 1731 2456 277.

376 2532 451 2574 24.
486 2532 748 2573 Coelescz'mn
786 2544 1044 2573 nnmerum.
1093 2553 1118 2558 —
1147 2527 1277 2570 Clem.
1320 2527 1425 2569 XIII
1465 2528 1671 2582 religiosis
1703 2528 1745 2571 S.
1783 2528 1818 2571 I.
1857 2542 1883 2570 a

295 2601 420 2643 Laur.
459 2600 573 2641 Ricci
609 2600 760 2652 Praep.
785 2600 889 2641 Gen.
913 2599 953 2641 d.
977 2600 1019 2641 S.
1044 2600 1261 2640 mittendis
1296 2604 1340 2640 et
1368 2599 1566 2640 fidelibus
1587 2600 1641 2641 ad
1661 2613 1765 2654 quos
1785 2600 1882 2641 mit-

292 2676 450 2724 tentur,
474 2671 546 2712 ubi
566 2676 709 2712 tamen
731 2684 813 2712 non
834 2676 958 2712 erunt
988 2671 1243 2712 missionarii
1274 2669 1423 2723 Congr.
1448 2670 1499 2712 de
1522 2670 1567 2713 P.
1592 2670 1659 2724 F„
1682 2670 1881 2713 benedic-

293 2743 452 2784 tionem
492 2747 629 2796 apost.
662 2748 703 2783 et
734 2741 819 2783 ind.
854 2741 967 2794 plen.
1001 2741 1210 2783 concedit.
1242 2742 1307 2783 Ad
1339 2743 1604 2796 septennium
1635 2742 1739 2796 (Ofr.
1772 2741 1877 2784 Ben.

292 2813 408 2866 xiv,
433 2828 474 2856 n.
501 2817 585 2867 72).

300 2880 341 2914 R.
361 2892 419 2923 ap.
441 2880 477 2915 S.
499 2880 547 2915 M.
568 2880 773 2916 M.X11u1.
797 2882 879 2915 1762
899 2879 938 2913 P.
959 2890 1017 2914 an.
1036 2879 1098 2914 IV.

293 2985 401 3024 Ball.
416 2990 522 3024 Rom.
542 3008 585 3012 —
602 2989 705 3023 Buce.
726 2988 771 3022 de
783 2999 844 3030 pr.
865 2990 890 3028 f.
909 2989 977 3026 IV.
998 2990 1036 3022 81
1055 3006 1098 3013 —
1118 2988 1179 3021 Eae
1196 2994 1271 3032 typ.
1291 3000 1385 3024 cam.
1405 3000 1465 3033 ap.
1738 2990 1886 3034 Bulbae.
