<?xml version="1.0" encoding="UTF-8"?>
<!DOCTYPE html PUBLIC "-//W3C//DTD XHTML 1.0 Transitional//EN"
    "http://www.w3.org/TR/xhtml1/DTD/xhtml1-transitional.dtd">
<html xmlns="http://www.w3.org/1999/xhtml" xml:lang="en" lang="en">
 <head>
  <title>
</title>
<meta http-equiv="Content-Type" content="text/html;charset=utf-8" />
  <meta name='ocr-system' content='tesseract 3.04.00' />
  <meta name='ocr-capabilities' content='ocr_page ocr_carea ocr_par ocr_line ocrx_word'/>
</head>
<body>
  <div class='ocr_page' id='page_1' title='image "./synopsisactorums02delp_0161.png"; bbox 0 0 1989 3252; ppageno 0'>
   <div class='ocr_carea' id='block_1_1' title="bbox 127 155 1705 204">
    <p class='ocr_par' dir='ltr' id='par_1_1' title="bbox 127 155 1705 204">
     <span class='ocr_line' id='line_1_1' title="bbox 127 155 1705 204; baseline 0.003 -6"><span class='ocrx_word' id='word_1_1' title='bbox 127 155 261 198; x_wconf 78' lang='lat' dir='ltr'>Alex,</span> <span class='ocrx_word' id='word_1_2' title='bbox 281 155 385 199; x_wconf 78' lang='lat' dir='ltr'>VH.</span> <span class='ocrx_word' id='word_1_3' title='bbox 787 180 842 185; x_wconf 93' lang='lat'><em>—</em></span> <span class='ocrx_word' id='word_1_4' title='bbox 871 158 950 198; x_wconf 86' lang='lat'>375</span> <span class='ocrx_word' id='word_1_5' title='bbox 980 183 1033 188; x_wconf 78' lang='lat'>—-</span> <span class='ocrx_word' id='word_1_6' title='bbox 1571 159 1705 204; x_wconf 75' lang='lat'>1660.</span> 
     </span>
    </p>
   </div>
   <div class='ocr_carea' id='block_1_2' title="bbox 127 242 1703 359">
    <p class='ocr_par' dir='ltr' id='par_1_2' title="bbox 127 242 1703 359">
     <span class='ocr_line' id='line_1_2' title="bbox 209 242 1702 299; baseline 0.001 -14"><span class='ocrx_word' id='word_1_7' title='bbox 209 242 279 285; x_wconf 80' lang='lat'>51.</span> <span class='ocrx_word' id='word_1_8' title='bbox 317 245 479 287; x_wconf 72' lang='lat' dir='ltr'>Uberes</span> <span class='ocrx_word' id='word_1_9' title='bbox 508 246 620 287; x_wconf 69' lang='lat' dir='ltr'>adeo</span> <span class='ocrx_word' id='word_1_10' title='bbox 648 246 843 299; x_wconf 69' lang='lat' dir='ltr'>fructus.</span> <span class='ocrx_word' id='word_1_11' title='bbox 882 269 906 274; x_wconf 94' lang='lat'><em>-</em></span> <span class='ocrx_word' id='word_1_12' title='bbox 943 245 1171 286; x_wconf 77' lang='lat' dir='ltr'>Alexandri</span> <span class='ocrx_word' id='word_1_13' title='bbox 1206 245 1286 286; x_wconf 88' lang='lat' dir='ltr'>VII</span> <span class='ocrx_word' id='word_1_14' title='bbox 1322 245 1446 286; x_wconf 86' lang='lat' dir='ltr'>breve</span> <span class='ocrx_word' id='word_1_15' title='bbox 1486 245 1539 286; x_wconf 86' lang='lat' dir='ltr'>ad</span> <span class='ocrx_word' id='word_1_16' title='bbox 1579 243 1702 287; x_wconf 87' lang='lat' dir='ltr'>Card.</span> 
     </span>
     <span class='ocr_line' id='line_1_3' title="bbox 127 312 1703 359; baseline 0.003 -6"><span class='ocrx_word' id='word_1_17' title='bbox 127 312 302 354; x_wconf 89' lang='lat' dir='ltr'>Hieron.</span> <span class='ocrx_word' id='word_1_18' title='bbox 327 312 568 355; x_wconf 85' lang='lat' dir='ltr'>Bonvisium</span> <span class='ocrx_word' id='word_1_19' title='bbox 590 320 637 356; x_wconf 90' lang='lat' dir='ltr'>ut</span> <span class='ocrx_word' id='word_1_20' title='bbox 658 329 734 356; x_wconf 85' lang='lat' dir='ltr'>sua</span> <span class='ocrx_word' id='word_1_21' title='bbox 755 315 888 357; x_wconf 89' lang='lat' dir='ltr'>officia</span> <span class='ocrx_word' id='word_1_22' title='bbox 910 316 1108 357; x_wconf 83' lang='lat' dir='ltr'>adhibeat</span> <span class='ocrx_word' id='word_1_23' title='bbox 1128 317 1181 358; x_wconf 86' lang='lat' dir='ltr'>ad</span> <span class='ocrx_word' id='word_1_24' title='bbox 1213 317 1254 359; x_wconf 89' lang='lat' dir='ltr'>S.</span> <span class='ocrx_word' id='word_1_25' title='bbox 1288 317 1322 358; x_wconf 91' lang='lat' dir='ltr'>I.</span> <span class='ocrx_word' id='word_1_26' title='bbox 1356 316 1703 358; x_wconf 73' lang='lat' dir='ltr'>introducendam</span> 
     </span>
    </p>
   </div>
   <div class='ocr_carea' id='block_1_3' title="bbox 126 383 520 486">
    <p class='ocr_par' dir='ltr' id='par_1_3' title="bbox 126 383 520 486">
     <span class='ocr_line' id='line_1_4' title="bbox 126 383 520 427; baseline 0.01 -4"><span class='ocrx_word' id='word_1_27' title='bbox 126 383 170 423; x_wconf 90' lang='lat' dir='ltr'>in</span> <span class='ocrx_word' id='word_1_28' title='bbox 191 384 269 424; x_wconf 84' lang='lat' dir='ltr'>ciV.</span> <span class='ocrx_word' id='word_1_29' title='bbox 294 383 520 427; x_wconf 80' lang='lat' dir='ltr'>Lucanam.</span> 
     </span>
     <span class='ocr_line' id='line_1_5' title="bbox 126 449 403 486; baseline -0.007 -2"><span class='ocrx_word' id='word_1_30' title='bbox 126 452 166 484; x_wconf 86' lang='lat'>14</span> <span class='ocrx_word' id='word_1_31' title='bbox 184 449 287 484; x_wconf 85' lang='lat' dir='ltr'>Febr.</span> <span class='ocrx_word' id='word_1_32' title='bbox 311 454 403 486; x_wconf 79' lang='lat'>1660.</span> 
     </span>
    </p>
   </div>
   <div class='ocr_carea' id='block_1_4' title="bbox 1440 573 1701 606">
    <p class='ocr_par' dir='ltr' id='par_1_4' title="bbox 1440 573 1701 606">
     <span class='ocr_line' id='line_1_6' title="bbox 1440 573 1701 606; baseline 0 0"><span class='ocrx_word' id='word_1_33' title='bbox 1440 573 1594 606; x_wconf 75' lang='lat' dir='ltr'>Elench.</span> <span class='ocrx_word' id='word_1_34' title='bbox 1614 574 1701 606; x_wconf 68' lang='lat' dir='ltr'>buza.</span> 
     </span>
    </p>
   </div>
   <div class='ocr_carea' id='block_1_5' title="bbox 119 689 1700 956">
    <p class='ocr_par' dir='ltr' id='par_1_5' title="bbox 119 689 1700 956">
     <span class='ocr_line' id='line_1_7' title="bbox 205 689 1700 745; baseline 0.001 -14"><span class='ocrx_word' id='word_1_35' title='bbox 205 689 276 732; x_wconf 73' lang='lat'>52.</span> <span class='ocrx_word' id='word_1_36' title='bbox 312 696 376 732; x_wconf 76' lang='lat' dir='ltr'>Ea</span> <span class='ocrx_word' id='word_1_37' title='bbox 389 692 541 745; x_wconf 73' lang='lat' dir='ltr'>plane.</span> <span class='ocrx_word' id='word_1_38' title='bbox 567 714 592 719; x_wconf 90' lang='lat'><em>-</em></span> <span class='ocrx_word' id='word_1_39' title='bbox 613 689 733 730; x_wconf 83' lang='lat' dir='ltr'>Alex.</span> <span class='ocrx_word' id='word_1_40' title='bbox 761 689 840 730; x_wconf 93' lang='lat' dir='ltr'>VII</span> <span class='ocrx_word' id='word_1_41' title='bbox 862 691 1043 731; x_wconf 85' lang='lat' dir='ltr'>antianis</span> <span class='ocrx_word' id='word_1_42' title='bbox 1065 694 1106 731; x_wconf 91' lang='lat' dir='ltr'>et</span> <span class='ocrx_word' id='word_1_43' title='bbox 1135 691 1370 732; x_wconf 85' lang='lat' dir='ltr'>vexillifero</span> <span class='ocrx_word' id='word_1_44' title='bbox 1400 692 1506 744; x_wconf 87' lang='lat' dir='ltr'>reip.</span> <span class='ocrx_word' id='word_1_45' title='bbox 1539 691 1700 733; x_wconf 91' lang='lat' dir='ltr'>Lucen-</span> 
     </span>
     <span class='ocr_line' id='line_1_8' title="bbox 120 757 1698 815; baseline 0.003 -17"><span class='ocrx_word' id='word_1_46' title='bbox 120 757 192 808; x_wconf 81' lang='lat' dir='ltr'>siS‚</span> <span class='ocrx_word' id='word_1_47' title='bbox 217 757 269 798; x_wconf 88' lang='lat' dir='ltr'>ad</span> <span class='ocrx_word' id='word_1_48' title='bbox 290 759 491 811; x_wconf 83' lang='lat' dir='ltr'>pietatem</span> <span class='ocrx_word' id='word_1_49' title='bbox 509 773 558 800; x_wconf 88' lang='lat' dir='ltr'>ac</span> <span class='ocrx_word' id='word_1_50' title='bbox 576 759 819 812; x_wconf 72' lang='lat' dir='ltr'>religionem</span> <span class='ocrx_word' id='word_1_51' title='bbox 837 761 1047 812; x_wconf 79' lang='lat' dir='ltr'>augendas</span> <span class='ocrx_word' id='word_1_52' title='bbox 1065 766 1105 801; x_wconf 85' lang='lat' dir='ltr'>et</span> <span class='ocrx_word' id='word_1_53' title='bbox 1122 761 1174 801; x_wconf 86' lang='lat' dir='ltr'>ad</span> <span class='ocrx_word' id='word_1_54' title='bbox 1191 766 1378 813; x_wconf 88' lang='lat' dir='ltr'>posteros</span> <span class='ocrx_word' id='word_1_55' title='bbox 1396 762 1698 815; x_wconf 85' lang='lat' dir='ltr'>propagandas,</span> 
     </span>
     <span class='ocr_line' id='line_1_9' title="bbox 121 828 1699 885; baseline 0.004 -17"><span class='ocrx_word' id='word_1_56' title='bbox 121 828 472 870; x_wconf 76' lang='lat' dir='ltr'>introductionem</span> <span class='ocrx_word' id='word_1_57' title='bbox 509 832 550 870; x_wconf 86' lang='lat' dir='ltr'>in</span> <span class='ocrx_word' id='word_1_58' title='bbox 577 831 692 872; x_wconf 87' lang='lat' dir='ltr'>civit.</span> <span class='ocrx_word' id='word_1_59' title='bbox 719 832 842 872; x_wconf 88' lang='lat' dir='ltr'>istam</span> <span class='ocrx_word' id='word_1_60' title='bbox 865 832 904 872; x_wconf 92' lang='lat' dir='ltr'>S.</span> <span class='ocrx_word' id='word_1_61' title='bbox 930 832 960 872; x_wconf 93' lang='grc' dir='ltr'>Ι.</span> <span class='ocrx_word' id='word_1_62' title='bbox 989 832 1220 873; x_wconf 84' lang='lat' dir='ltr'>conducere</span> <span class='ocrx_word' id='word_1_63' title='bbox 1254 833 1495 885; x_wconf 81' lang='lat' dir='ltr'>persuadet,</span> <span class='ocrx_word' id='word_1_64' title='bbox 1518 833 1621 874; x_wconf 88' lang='lat' dir='ltr'>adeo</span> <span class='ocrx_word' id='word_1_65' title='bbox 1652 839 1699 874; x_wconf 91' lang='lat' dir='ltr'>ut</span> 
     </span>
     <span class='ocr_line' id='line_1_10' title="bbox 119 899 1699 956; baseline 0.004 -18"><span class='ocrx_word' id='word_1_66' title='bbox 119 900 189 939; x_wconf 84' lang='lat' dir='ltr'>vix</span> <span class='ocrx_word' id='word_1_67' title='bbox 210 899 296 940; x_wconf 87' lang='lat' dir='ltr'>ulla</span> <span class='ocrx_word' id='word_1_68' title='bbox 316 902 498 953; x_wconf 76' lang='lat' dir='ltr'>supersit</span> <span class='ocrx_word' id='word_1_69' title='bbox 519 915 572 942; x_wconf 84' lang='lat' dir='ltr'>ex</span> <span class='ocrx_word' id='word_1_70' title='bbox 593 903 830 954; x_wconf 85' lang='lat' dir='ltr'>praecipuis</span> <span class='ocrx_word' id='word_1_71' title='bbox 860 902 1008 944; x_wconf 82' lang='lat' dir='ltr'>Italiae</span> <span class='ocrx_word' id='word_1_72' title='bbox 1040 909 1082 944; x_wconf 85' lang='lat' dir='ltr'>et</span> <span class='ocrx_word' id='word_1_73' title='bbox 1115 903 1292 943; x_wconf 85' lang='lat' dir='ltr'>aliarum</span> <span class='ocrx_word' id='word_1_74' title='bbox 1329 904 1439 946; x_wconf 84' lang='lat' dir='ltr'>cath.</span> <span class='ocrx_word' id='word_1_75' title='bbox 1464 905 1699 956; x_wconf 85' lang='lat' dir='ltr'>provincia-</span> 
     </span>
    </p>
   </div>
   <div class='ocr_carea' id='block_1_6' title="bbox 118 970 1402 1077">
    <p class='ocr_par' dir='ltr' id='par_1_6' title="bbox 118 970 1402 1077">
     <span class='ocr_line' id='line_1_11' title="bbox 118 970 1402 1026; baseline 0.005 -17"><span class='ocrx_word' id='word_1_76' title='bbox 118 983 209 1010; x_wconf 90' lang='lat' dir='ltr'>rum</span> <span class='ocrx_word' id='word_1_77' title='bbox 230 970 403 1011; x_wconf 83' lang='lat' dir='ltr'>urbibus</span> <span class='ocrx_word' id='word_1_78' title='bbox 425 985 532 1024; x_wconf 84' lang='lat' dir='ltr'>quae</span> <span class='ocrx_word' id='word_1_79' title='bbox 554 977 694 1024; x_wconf 90' lang='lat' dir='ltr'>patres</span> <span class='ocrx_word' id='word_1_80' title='bbox 715 973 755 1014; x_wconf 87' lang='lat' dir='ltr'>d.</span> <span class='ocrx_word' id='word_1_81' title='bbox 780 972 820 1014; x_wconf 88' lang='lat' dir='ltr'>S.</span> <span class='ocrx_word' id='word_1_82' title='bbox 848 979 1023 1025; x_wconf 72' lang='lat' dir='ltr'>experta</span> <span class='ocrx_word' id='word_1_83' title='bbox 1045 988 1127 1014; x_wconf 91' lang='lat' dir='ltr'>non</span> <span class='ocrx_word' id='word_1_84' title='bbox 1150 974 1402 1026; x_wconf 86' lang='lat' dir='ltr'>probaverit.</span> 
     </span>
     <span class='ocr_line' id='line_1_12' title="bbox 120 1035 964 1077; baseline 0.004 -9"><span class='ocrx_word' id='word_1_85' title='bbox 120 1035 159 1068; x_wconf 76' lang='lat' dir='ltr'>R.</span> <span class='ocrx_word' id='word_1_86' title='bbox 180 1047 238 1077; x_wconf 74' lang='lat' dir='ltr'>ap.</span> <span class='ocrx_word' id='word_1_87' title='bbox 259 1038 294 1069; x_wconf 72' lang='lat' dir='ltr'>S.</span> <span class='ocrx_word' id='word_1_88' title='bbox 318 1037 362 1072; x_wconf 87' lang='lat' dir='ltr'>M.</span> <span class='ocrx_word' id='word_1_89' title='bbox 382 1037 431 1070; x_wconf 90' lang='lat' dir='ltr'>M.</span> <span class='ocrx_word' id='word_1_90' title='bbox 452 1037 537 1071; x_wconf 85' lang='lat' dir='ltr'>XIV</span> <span class='ocrx_word' id='word_1_91' title='bbox 557 1038 659 1071; x_wconf 79' lang='lat' dir='ltr'>Febr.</span> <span class='ocrx_word' id='word_1_92' title='bbox 681 1041 761 1073; x_wconf 74' lang='lat'>1660</span> <span class='ocrx_word' id='word_1_93' title='bbox 782 1039 821 1072; x_wconf 78' lang='lat' dir='ltr'>P.</span> <span class='ocrx_word' id='word_1_94' title='bbox 842 1050 885 1071; x_wconf 74' lang='lat' dir='ltr'>an</span> <span class='ocrx_word' id='word_1_95' title='bbox 922 1039 964 1071; x_wconf 88' lang='lat' dir='ltr'>V.</span> 
     </span>
    </p>
   </div>
   <div class='ocr_carea' id='block_1_7' title="bbox 116 1154 1694 1199">
    <p class='ocr_par' dir='ltr' id='par_1_7' title="bbox 116 1154 1694 1199">
     <span class='ocr_line' id='line_1_13' title="bbox 116 1154 1694 1199; baseline 0.004 -12"><span class='ocrx_word' id='word_1_96' title='bbox 116 1154 187 1188; x_wconf 67' lang='lat' dir='ltr'>Iul.</span> <span class='ocrx_word' id='word_1_97' title='bbox 210 1154 371 1198; x_wconf 69' lang='lat' dir='ltr'>Poffl‘am&#39;</span> <span class='ocrx_word' id='word_1_98' title='bbox 387 1158 488 1199; x_wconf 77' lang='lat' dir='ltr'>epist.</span> <span class='ocrx_word' id='word_1_99' title='bbox 512 1156 563 1188; x_wconf 85' lang='grc' dir='ltr'>ΙΙ.</span> <span class='ocrx_word' id='word_1_100' title='bbox 586 1159 658 1190; x_wconf 73' lang='grc'>172.</span> <span class='ocrx_word' id='word_1_101' title='bbox 1436 1160 1585 1194; x_wconf 72' lang='lat' dir='ltr'>Elench.</span> <span class='ocrx_word' id='word_1_102' title='bbox 1607 1164 1694 1193; x_wconf 79' lang='lat' dir='ltr'>bull.</span> 
     </span>
    </p>
   </div>
   <div class='ocr_carea' id='block_1_8' title="bbox 105 1274 1694 1738">
    <p class='ocr_par' dir='ltr' id='par_1_8' title="bbox 107 1274 1694 1682">
     <span class='ocr_line' id='line_1_14' title="bbox 197 1274 1694 1332; baseline 0.003 -18"><span class='ocrx_word' id='word_1_103' title='bbox 197 1276 268 1319; x_wconf 77' lang='lat'>53.</span> <span class='ocrx_word' id='word_1_104' title='bbox 302 1274 353 1315; x_wconf 91' lang='lat' dir='ltr'>A.</span> <span class='ocrx_word' id='word_1_105' title='bbox 375 1274 420 1315; x_wconf 92' lang='lat' dir='ltr'>P.</span> <span class='ocrx_word' id='word_1_106' title='bbox 456 1275 505 1316; x_wconf 82' lang='lat' dir='ltr'>R.</span> <span class='ocrx_word' id='word_1_107' title='bbox 542 1276 1180 1332; x_wconf 60' lang='lat' dir='ltr'>M.E.1÷p0222›207n·.snuper.-</span> <span class='ocrx_word' id='word_1_108' title='bbox 1216 1277 1334 1318; x_wconf 79' lang='lat' dir='ltr'>Alex.</span> <span class='ocrx_word' id='word_1_109' title='bbox 1377 1277 1454 1317; x_wconf 82' lang='lat' dir='ltr'>VII</span> <span class='ocrx_word' id='word_1_110' title='bbox 1491 1278 1532 1317; x_wconf 87' lang='lat' dir='ltr'>in</span> <span class='ocrx_word' id='word_1_111' title='bbox 1566 1291 1694 1318; x_wconf 86' lang='lat' dir='ltr'>causa</span> 
     </span>
     <span class='ocr_line' id='line_1_15' title="bbox 114 1344 1690 1398; baseline 0.003 -14"><span class='ocrx_word' id='word_1_112' title='bbox 114 1344 298 1386; x_wconf 78' lang='lat' dir='ltr'>fabricae</span> <span class='ocrx_word' id='word_1_113' title='bbox 314 1345 478 1398; x_wconf 82' lang='lat' dir='ltr'>collegii</span> <span class='ocrx_word' id='word_1_114' title='bbox 496 1345 536 1387; x_wconf 91' lang='lat' dir='ltr'>S.</span> <span class='ocrx_word' id='word_1_115' title='bbox 556 1345 588 1386; x_wconf 89' lang='grc' dir='ltr'>Ι.</span> <span class='ocrx_word' id='word_1_116' title='bbox 610 1346 839 1387; x_wconf 86' lang='lat' dir='ltr'>Genuensis</span> <span class='ocrx_word' id='word_1_117' title='bbox 856 1347 966 1387; x_wconf 86' lang='lat' dir='ltr'>inter</span> <span class='ocrx_word' id='word_1_118' title='bbox 983 1347 1024 1388; x_wconf 92' lang='lat' dir='ltr'>S.</span> <span class='ocrx_word' id='word_1_119' title='bbox 1044 1347 1079 1387; x_wconf 91' lang='lat' dir='ltr'>I.</span> <span class='ocrx_word' id='word_1_120' title='bbox 1100 1353 1140 1387; x_wconf 89' lang='lat' dir='ltr'>et</span> <span class='ocrx_word' id='word_1_121' title='bbox 1157 1354 1407 1388; x_wconf 82' lang='lat' dir='ltr'>conventum</span> <span class='ocrx_word' id='word_1_122' title='bbox 1424 1347 1690 1389; x_wconf 87' lang='lat' dir='ltr'>Genuensem</span> 
     </span>
     <span class='ocr_line' id='line_1_16' title="bbox 114 1415 1692 1471; baseline 0.002 -16"><span class='ocrx_word' id='word_1_123' title='bbox 114 1415 166 1457; x_wconf 85' lang='lat' dir='ltr'>fr.</span> <span class='ocrx_word' id='word_1_124' title='bbox 190 1416 290 1457; x_wconf 90' lang='lat' dir='ltr'>min.</span> <span class='ocrx_word' id='word_1_125' title='bbox 315 1416 366 1457; x_wconf 90' lang='lat' dir='ltr'>de</span> <span class='ocrx_word' id='word_1_126' title='bbox 387 1416 668 1468; x_wconf 83' lang='lat' dir='ltr'>observantia,</span> <span class='ocrx_word' id='word_1_127' title='bbox 692 1417 904 1458; x_wconf 89' lang='lat' dir='ltr'>decretum</span> <span class='ocrx_word' id='word_1_128' title='bbox 929 1419 1258 1470; x_wconf 77' lang='lat' dir='ltr'>congregationis</span> <span class='ocrx_word' id='word_1_129' title='bbox 1287 1417 1409 1459; x_wconf 87' lang='lat' dir='ltr'>Card.</span> <span class='ocrx_word' id='word_1_130' title='bbox 1443 1419 1618 1471; x_wconf 83' lang='lat' dir='ltr'>negotiis</span> <span class='ocrx_word' id='word_1_131' title='bbox 1650 1423 1692 1458; x_wconf 91' lang='lat' dir='ltr'>et</span> 
     </span>
     <span class='ocr_line' id='line_1_17' title="bbox 111 1486 1688 1542; baseline 0.003 -16"><span class='ocrx_word' id='word_1_132' title='bbox 111 1486 490 1527; x_wconf 80' lang='lat' dir='ltr'>consultationibus</span> <span class='ocrx_word' id='word_1_133' title='bbox 513 1487 810 1540; x_wconf 83' lang='lat' dir='ltr'>Episcoporum</span> <span class='ocrx_word' id='word_1_134' title='bbox 850 1495 891 1529; x_wconf 90' lang='lat' dir='ltr'>et</span> <span class='ocrx_word' id='word_1_135' title='bbox 926 1489 1196 1541; x_wconf 76' lang='lat' dir='ltr'>Regularinm</span> <span class='ocrx_word' id='word_1_136' title='bbox 1235 1490 1514 1542; x_wconf 80' lang='lat' dir='ltr'>praepositae,</span> <span class='ocrx_word' id='word_1_137' title='bbox 1539 1489 1605 1530; x_wconf 84' lang='lat' dir='ltr'>die</span> <span class='ocrx_word' id='word_1_138' title='bbox 1636 1491 1688 1530; x_wconf 71' lang='lat'>23</span> 
     </span>
     <span class='ocr_line' id='line_1_18' title="bbox 109 1557 1689 1614; baseline 0.002 -17"><span class='ocrx_word' id='word_1_139' title='bbox 109 1557 214 1610; x_wconf 78' lang='lat' dir='ltr'>Aug.</span> <span class='ocrx_word' id='word_1_140' title='bbox 242 1560 347 1599; x_wconf 79' lang='lat'>1652</span> <span class='ocrx_word' id='word_1_141' title='bbox 368 1558 528 1610; x_wconf 87' lang='lat' dir='ltr'>datum,</span> <span class='ocrx_word' id='word_1_142' title='bbox 551 1559 771 1600; x_wconf 75' lang='lat' dir='ltr'>confirmat</span> <span class='ocrx_word' id='word_1_143' title='bbox 801 1564 840 1599; x_wconf 83' lang='lat' dir='ltr'>et</span> <span class='ocrx_word' id='word_1_144' title='bbox 871 1566 1054 1600; x_wconf 85' lang='lat' dir='ltr'>removet</span> <span class='ocrx_word' id='word_1_145' title='bbox 1087 1560 1430 1613; x_wconf 83' lang='lat' dir='ltr'>impedimentum</span> <span class='ocrx_word' id='word_1_146' title='bbox 1467 1560 1689 1614; x_wconf 81' lang='lat' dir='ltr'>quominus</span> 
     </span>
     <span class='ocr_line' id='line_1_19' title="bbox 107 1629 1184 1682; baseline 0.002 -13"><span class='ocrx_word' id='word_1_147' title='bbox 107 1633 256 1681; x_wconf 86' lang='lat' dir='ltr'>coepta</span> <span class='ocrx_word' id='word_1_148' title='bbox 277 1629 439 1670; x_wconf 83' lang='lat' dir='ltr'>fabrica</span> <span class='ocrx_word' id='word_1_149' title='bbox 459 1630 720 1682; x_wconf 84' lang='lat' dir='ltr'>perficiatur,</span> <span class='ocrx_word' id='word_1_150' title='bbox 744 1630 982 1672; x_wconf 84' lang='lat' dir='ltr'>conditione</span> <span class='ocrx_word' id='word_1_151' title='bbox 1004 1631 1184 1672; x_wconf 84' lang='lat' dir='ltr'>adiecta.</span> 
     </span>
    </p>

    <p class='ocr_par' dir='ltr' id='par_1_9' title="bbox 105 1695 858 1738">
     <span class='ocr_line' id='line_1_20' title="bbox 105 1695 858 1738; baseline 0.003 -9"><span class='ocrx_word' id='word_1_152' title='bbox 105 1695 149 1729; x_wconf 82' lang='lat' dir='ltr'>R.</span> <span class='ocrx_word' id='word_1_153' title='bbox 169 1706 226 1738; x_wconf 86' lang='lat' dir='ltr'>ap.</span> <span class='ocrx_word' id='word_1_154' title='bbox 243 1696 278 1730; x_wconf 89' lang='lat' dir='ltr'>S.</span> <span class='ocrx_word' id='word_1_155' title='bbox 300 1696 340 1730; x_wconf 89' lang='grc' dir='ltr'>Ρ.</span> <span class='ocrx_word' id='word_1_156' title='bbox 362 1697 429 1732; x_wconf 87' lang='lat' dir='ltr'>XII</span> <span class='ocrx_word' id='word_1_157' title='bbox 446 1697 552 1731; x_wconf 72' lang='lat' dir='ltr'>Mart.</span> <span class='ocrx_word' id='word_1_158' title='bbox 573 1700 655 1732; x_wconf 85' lang='lat'>1660</span> <span class='ocrx_word' id='word_1_159' title='bbox 674 1698 716 1731; x_wconf 87' lang='grc' dir='ltr'>Ρ.</span> <span class='ocrx_word' id='word_1_160' title='bbox 735 1709 793 1731; x_wconf 84' lang='lat' dir='ltr'>an.</span> <span class='ocrx_word' id='word_1_161' title='bbox 816 1698 858 1731; x_wconf 91' lang='lat' dir='ltr'>V.</span> 
     </span>
    </p>
   </div>
   <div class='ocr_carea' id='block_1_9' title="bbox 108 1815 1683 1860">
    <p class='ocr_par' dir='ltr' id='par_1_10' title="bbox 108 1815 1683 1860">
     <span class='ocr_line' id='line_1_21' title="bbox 108 1815 1683 1860; baseline 0.003 -12"><span class='ocrx_word' id='word_1_162' title='bbox 108 1815 211 1848; x_wconf 64' lang='lat' dir='ltr'>Ball.</span> <span class='ocrx_word' id='word_1_163' title='bbox 232 1816 336 1849; x_wconf 80' lang='lat' dir='ltr'>Rom.</span> <span class='ocrx_word' id='word_1_164' title='bbox 823 1817 945 1850; x_wconf 76' lang='lat' dir='ltr'>Fund.</span> <span class='ocrx_word' id='word_1_165' title='bbox 964 1828 1021 1860; x_wconf 76' lang='lat' dir='ltr'>pr.</span> <span class='ocrx_word' id='word_1_166' title='bbox 1045 1818 1248 1851; x_wconf 70' lang='lat' dir='ltr'>Mediolan.</span> <span class='ocrx_word' id='word_1_167' title='bbox 1269 1824 1292 1851; x_wconf 76' lang='grc' dir='ltr'>ε.</span> <span class='ocrx_word' id='word_1_168' title='bbox 1314 1821 1343 1851; x_wconf 92' lang='grc'>4.</span> <span class='ocrx_word' id='word_1_169' title='bbox 1363 1837 1405 1841; x_wconf 93' lang='grc'><strong>-</strong></span> <span class='ocrx_word' id='word_1_170' title='bbox 1423 1817 1573 1852; x_wconf 68' lang='grc' dir='ltr'>ΕΙεησΙι.</span> <span class='ocrx_word' id='word_1_171' title='bbox 1593 1818 1683 1852; x_wconf 67' lang='lat' dir='ltr'>hall.</span> 
     </span>
    </p>
   </div>
   <div class='ocr_carea' id='block_1_10' title="bbox 188 1934 1685 1990">
    <p class='ocr_par' dir='ltr' id='par_1_11' title="bbox 188 1934 1685 1990">
     <span class='ocr_line' id='line_1_22' title="bbox 188 1934 1685 1990; baseline -0.003 -12"><span class='ocrx_word' id='word_1_172' title='bbox 188 1936 258 1978; x_wconf 74' lang='lat'>54.</span> <span class='ocrx_word' id='word_1_173' title='bbox 294 1935 344 1975; x_wconf 91' lang='lat' dir='ltr'>A.</span> <span class='ocrx_word' id='word_1_174' title='bbox 382 1935 414 1975; x_wconf 90' lang='lat' dir='ltr'><strong>F</strong></span> <span class='ocrx_word' id='word_1_175' title='bbox 468 1936 517 1976; x_wconf 80' lang='lat' dir='ltr'>R.</span> <span class='ocrx_word' id='word_1_176' title='bbox 559 1934 935 1990; x_wconf 49' lang='grc' dir='ltr'>4Μ..Δ1ίι”(1.1·1ἱ’.7&gt;’θ.</span> <span class='ocrx_word' id='word_1_177' title='bbox 962 1939 1112 1975; x_wconf 70' lang='lat' dir='ltr'>Immo.</span> <span class='ocrx_word' id='word_1_178' title='bbox 1151 1961 1176 1966; x_wconf 92' lang='lat'><em>-</em></span> <span class='ocrx_word' id='word_1_179' title='bbox 1215 1936 1335 1977; x_wconf 79' lang='lat' dir='ltr'>Alex.</span> <span class='ocrx_word' id='word_1_180' title='bbox 1382 1935 1474 1987; x_wconf 88' lang='lat' dir='ltr'>VII,</span> <span class='ocrx_word' id='word_1_181' title='bbox 1516 1938 1685 1988; x_wconf 86' lang='lat' dir='ltr'>petente</span> 
     </span>
    </p>
   </div>
   <div class='ocr_carea' id='block_1_11' title="bbox 102 2004 1683 2274">
    <p class='ocr_par' dir='ltr' id='par_1_12' title="bbox 102 2004 1683 2274">
     <span class='ocr_line' id='line_1_23' title="bbox 105 2004 1678 2060; baseline 0.001 -15"><span class='ocrx_word' id='word_1_182' title='bbox 105 2004 296 2046; x_wconf 87' lang='lat' dir='ltr'>Goswino</span> <span class='ocrx_word' id='word_1_183' title='bbox 318 2005 466 2048; x_wconf 85' lang='lat' dir='ltr'>Nickel</span> <span class='ocrx_word' id='word_1_184' title='bbox 487 2006 635 2060; x_wconf 79' lang='lat' dir='ltr'>Praep.</span> <span class='ocrx_word' id='word_1_185' title='bbox 661 2006 810 2049; x_wconf 88' lang='lat' dir='ltr'>Gen.S.</span> <span class='ocrx_word' id='word_1_186' title='bbox 836 2007 890 2057; x_wconf 81' lang='lat' dir='ltr'>I.,</span> <span class='ocrx_word' id='word_1_187' title='bbox 914 2007 1116 2060; x_wconf 83' lang='lat' dir='ltr'>derogans</span> <span class='ocrx_word' id='word_1_188' title='bbox 1138 2007 1290 2048; x_wconf 80' lang='lat' dir='ltr'>litteris</span> <span class='ocrx_word' id='word_1_189' title='bbox 1307 2007 1450 2048; x_wconf 91' lang='lat' dir='ltr'>Innoc.</span> <span class='ocrx_word' id='word_1_190' title='bbox 1474 2006 1527 2048; x_wconf 91' lang='lat' dir='ltr'>X.</span> <span class='ocrx_word' id='word_1_191' title='bbox 1550 2008 1568 2047; x_wconf 93' lang='lat'>1</span> <span class='ocrx_word' id='word_1_192' title='bbox 1588 2006 1678 2047; x_wconf 88' lang='lat' dir='ltr'>Ian.</span> 
     </span>
     <span class='ocr_line' id='line_1_24' title="bbox 107 2077 1683 2131; baseline 0.001 -14"><span class='ocrx_word' id='word_1_193' title='bbox 107 2078 226 2128; x_wconf 86' lang='lat'>1646,</span> <span class='ocrx_word' id='word_1_194' title='bbox 250 2091 390 2130; x_wconf 82' lang='lat' dir='ltr'>congr.</span> <span class='ocrx_word' id='word_1_195' title='bbox 413 2092 492 2130; x_wconf 82' lang='lat' dir='ltr'>gen</span> <span class='ocrx_word' id='word_1_196' title='bbox 531 2092 638 2131; x_wconf 82' lang='lat' dir='ltr'>quae</span> <span class='ocrx_word' id='word_1_197' title='bbox 659 2079 800 2131; x_wconf 84' lang='lat' dir='ltr'>elapso</span> <span class='ocrx_word' id='word_1_198' title='bbox 822 2080 1027 2120; x_wconf 88' lang='lat' dir='ltr'>novennio</span> <span class='ocrx_word' id='word_1_199' title='bbox 1065 2093 1207 2120; x_wconf 83' lang='lat' dir='ltr'>mense</span> <span class='ocrx_word' id='word_1_200' title='bbox 1244 2078 1396 2119; x_wconf 86' lang='lat' dir='ltr'>Martio</span> <span class='ocrx_word' id='word_1_201' title='bbox 1437 2079 1538 2118; x_wconf 90' lang='grc'>1661</span> <span class='ocrx_word' id='word_1_202' title='bbox 1577 2077 1683 2119; x_wconf 85' lang='lat' dir='ltr'>cele-</span> 
     </span>
     <span class='ocr_line' id='line_1_25' title="bbox 103 2145 1679 2203; baseline 0.001 -16"><span class='ocrx_word' id='word_1_203' title='bbox 103 2145 261 2188; x_wconf 85' lang='lat' dir='ltr'>branda</span> <span class='ocrx_word' id='word_1_204' title='bbox 283 2153 407 2199; x_wconf 81' lang='lat' dir='ltr'>esset,</span> <span class='ocrx_word' id='word_1_205' title='bbox 431 2162 482 2189; x_wconf 89' lang='lat' dir='ltr'>ne</span> <span class='ocrx_word' id='word_1_206' title='bbox 509 2150 782 2202; x_wconf 85' lang='lat' dir='ltr'>provinciales</span> <span class='ocrx_word' id='word_1_207' title='bbox 815 2150 1065 2203; x_wconf 82' lang='lat' dir='ltr'>transalpini</span> <span class='ocrx_word' id='word_1_208' title='bbox 1102 2164 1244 2191; x_wconf 88' lang='lat' dir='ltr'>mense</span> <span class='ocrx_word' id='word_1_209' title='bbox 1271 2149 1362 2190; x_wconf 86' lang='lat' dir='ltr'>Ian.</span> <span class='ocrx_word' id='word_1_210' title='bbox 1386 2156 1428 2190; x_wconf 91' lang='lat' dir='ltr'>et</span> <span class='ocrx_word' id='word_1_211' title='bbox 1448 2149 1568 2201; x_wconf 63' lang='lat' dir='ltr'>Feb„</span> <span class='ocrx_word' id='word_1_212' title='bbox 1592 2162 1679 2189; x_wconf 86' lang='lat' dir='ltr'>sae-</span> 
     </span>
     <span class='ocr_line' id='line_1_26' title="bbox 102 2218 1680 2274; baseline 0.001 -17"><span class='ocrx_word' id='word_1_213' title='bbox 102 2218 241 2259; x_wconf 88' lang='lat' dir='ltr'>viente</span> <span class='ocrx_word' id='word_1_214' title='bbox 257 2218 422 2271; x_wconf 89' lang='lat' dir='ltr'>hyeme,</span> <span class='ocrx_word' id='word_1_215' title='bbox 443 2220 523 2260; x_wconf 87' lang='lat' dir='ltr'>iter</span> <span class='ocrx_word' id='word_1_216' title='bbox 543 2220 680 2261; x_wconf 79' lang='lat' dir='ltr'>facere</span> <span class='ocrx_word' id='word_1_217' title='bbox 696 2226 898 2273; x_wconf 77' lang='lat' dir='ltr'>cogantur</span> <span class='ocrx_word' id='word_1_218' title='bbox 932 2221 984 2261; x_wconf 79' lang='lat' dir='ltr'>ad</span> <span class='ocrx_word' id='word_1_219' title='bbox 1001 2221 1323 2274; x_wconf 85' lang='lat' dir='ltr'>subsequentem</span> <span class='ocrx_word' id='word_1_220' title='bbox 1342 2220 1501 2261; x_wconf 87' lang='lat' dir='ltr'>Maium</span> <span class='ocrx_word' id='word_1_221' title='bbox 1521 2218 1680 2260; x_wconf 85' lang='lat' dir='ltr'>differri</span> 
     </span>
    </p>
   </div>
   <div class='ocr_carea' id='block_1_12' title="bbox 101 2288 883 2396">
    <p class='ocr_par' dir='ltr' id='par_1_13' title="bbox 101 2288 883 2396">
     <span class='ocr_line' id='line_1_27' title="bbox 101 2288 306 2331; baseline 0.01 -3"><span class='ocrx_word' id='word_1_222' title='bbox 101 2288 306 2331; x_wconf 86' lang='lat' dir='ltr'>concedit.</span> 
     </span>
     <span class='ocr_line' id='line_1_28' title="bbox 101 2354 883 2396; baseline 0.004 -9"><span class='ocrx_word' id='word_1_223' title='bbox 101 2354 142 2388; x_wconf 87' lang='lat' dir='ltr'>R.</span> <span class='ocrx_word' id='word_1_224' title='bbox 162 2365 219 2396; x_wconf 84' lang='lat' dir='ltr'>ap.</span> <span class='ocrx_word' id='word_1_225' title='bbox 240 2355 274 2389; x_wconf 88' lang='lat' dir='ltr'>S.</span> <span class='ocrx_word' id='word_1_226' title='bbox 296 2356 337 2389; x_wconf 87' lang='lat' dir='ltr'>P.</span> <span class='ocrx_word' id='word_1_227' title='bbox 353 2356 452 2390; x_wconf 84' lang='lat' dir='ltr'>XVII</span> <span class='ocrx_word' id='word_1_228' title='bbox 474 2357 580 2390; x_wconf 76' lang='lat' dir='ltr'>Mart.</span> <span class='ocrx_word' id='word_1_229' title='bbox 602 2360 685 2392; x_wconf 87' lang='lat'>1660</span> <span class='ocrx_word' id='word_1_230' title='bbox 704 2358 743 2391; x_wconf 87' lang='lat' dir='ltr'>P.</span> <span class='ocrx_word' id='word_1_231' title='bbox 764 2368 821 2391; x_wconf 80' lang='lat' dir='ltr'>an.</span> <span class='ocrx_word' id='word_1_232' title='bbox 844 2358 883 2391; x_wconf 92' lang='lat' dir='ltr'>V.</span> 
     </span>
    </p>
   </div>
   <div class='ocr_carea' id='block_1_13' title="bbox 1302 2464 1676 2508">
    <p class='ocr_par' dir='ltr' id='par_1_14' title="bbox 1302 2464 1676 2508">
     <span class='ocr_line' id='line_1_29' title="bbox 1302 2464 1676 2508; baseline -0.008 -8"><span class='ocrx_word' id='word_1_233' title='bbox 1302 2467 1387 2508; x_wconf 68' lang='lat' dir='ltr'>Rey.</span> <span class='ocrx_word' id='word_1_234' title='bbox 1407 2464 1495 2498; x_wconf 68' lang='lat' dir='ltr'>bun.</span> <span class='ocrx_word' id='word_1_235' title='bbox 1524 2465 1582 2500; x_wconf 84' lang='lat' dir='ltr'>VI.</span> <span class='ocrx_word' id='word_1_236' title='bbox 1603 2468 1676 2500; x_wconf 81' lang='lat'>165.</span> 
     </span>
    </p>
   </div>
   <div class='ocr_carea' id='block_1_14' title="bbox 99 2582 1676 2778">
    <p class='ocr_par' dir='ltr' id='par_1_15' title="bbox 99 2582 1676 2778">
     <span class='ocr_line' id='line_1_30' title="bbox 181 2582 1675 2640; baseline -0.002 -13"><span class='ocrx_word' id='word_1_237' title='bbox 181 2585 254 2628; x_wconf 79' lang='lat'>55.</span> <span class='ocrx_word' id='word_1_238' title='bbox 286 2583 335 2624; x_wconf 86' lang='lat' dir='ltr'>A.</span> <span class='ocrx_word' id='word_1_239' title='bbox 359 2583 406 2625; x_wconf 88' lang='lat' dir='ltr'>F.</span> <span class='ocrx_word' id='word_1_240' title='bbox 436 2582 486 2624; x_wconf 83' lang='lat' dir='ltr'>R.</span> <span class='ocrx_word' id='word_1_241' title='bbox 521 2583 579 2624; x_wconf 89' lang='lat' dir='ltr'>M.</span> <span class='ocrx_word' id='word_1_242' title='bbox 605 2587 935 2640; x_wconf 67' lang='lat' dir='ltr'>E.r))0)2e‘nol72&#39;s</span> <span class='ocrx_word' id='word_1_243' title='bbox 955 2599 1113 2639; x_wconf 70' lang='lat' dir='ltr'>nuper.</span> <span class='ocrx_word' id='word_1_244' title='bbox 1152 2608 1177 2613; x_wconf 93' lang='lat'>—</span> <span class='ocrx_word' id='word_1_245' title='bbox 1212 2584 1334 2624; x_wconf 78' lang='lat' dir='ltr'>Alex.</span> <span class='ocrx_word' id='word_1_246' title='bbox 1375 2582 1470 2636; x_wconf 93' lang='lat' dir='ltr'>VII,</span> <span class='ocrx_word' id='word_1_247' title='bbox 1507 2587 1675 2637; x_wconf 86' lang='lat' dir='ltr'>petente</span> 
     </span>
     <span class='ocr_line' id='line_1_31' title="bbox 100 2653 1676 2706; baseline 0 -12"><span class='ocrx_word' id='word_1_248' title='bbox 100 2659 206 2695; x_wconf 87' lang='lat' dir='ltr'>rect.</span> <span class='ocrx_word' id='word_1_249' title='bbox 240 2653 335 2695; x_wconf 90' lang='lat' dir='ltr'>coll.</span> <span class='ocrx_word' id='word_1_250' title='bbox 371 2653 662 2696; x_wconf 88' lang='lat' dir='ltr'>Ravennaten.</span> <span class='ocrx_word' id='word_1_251' title='bbox 704 2655 746 2695; x_wconf 91' lang='lat' dir='ltr'>S.</span> <span class='ocrx_word' id='word_1_252' title='bbox 786 2655 840 2706; x_wconf 94' lang='lat' dir='ltr'>I.,</span> <span class='ocrx_word' id='word_1_253' title='bbox 873 2668 898 2695; x_wconf 91' lang='lat' dir='ltr'>a</span> <span class='ocrx_word' id='word_1_254' title='bbox 928 2657 979 2696; x_wconf 77' lang='lat'>25</span> <span class='ocrx_word' id='word_1_255' title='bbox 1011 2655 1131 2695; x_wconf 89' lang='lat' dir='ltr'>annis</span> <span class='ocrx_word' id='word_1_256' title='bbox 1161 2654 1218 2695; x_wconf 89' lang='lat' dir='ltr'>ibi</span> <span class='ocrx_word' id='word_1_257' title='bbox 1258 2656 1556 2695; x_wconf 87' lang='lat' dir='ltr'>commorantis</span> <span class='ocrx_word' id='word_1_258' title='bbox 1586 2655 1676 2695; x_wconf 89' lang='lat' dir='ltr'>sine</span> 
     </span>
     <span class='ocr_line' id='line_1_32' title="bbox 99 2724 1675 2778; baseline 0 -13"><span class='ocrx_word' id='word_1_259' title='bbox 99 2725 277 2766; x_wconf 87' lang='lat' dir='ltr'>ecclesia</span> <span class='ocrx_word' id='word_1_260' title='bbox 297 2725 348 2765; x_wconf 90' lang='lat' dir='ltr'>ad</span> <span class='ocrx_word' id='word_1_261' title='bbox 368 2724 493 2766; x_wconf 87' lang='lat' dir='ltr'>solita</span> <span class='ocrx_word' id='word_1_262' title='bbox 514 2726 761 2777; x_wconf 78' lang='lat' dir='ltr'>ministeria,</span> <span class='ocrx_word' id='word_1_263' title='bbox 784 2739 907 2766; x_wconf 88' lang='lat' dir='ltr'>usum</span> <span class='ocrx_word' id='word_1_264' title='bbox 936 2729 1185 2778; x_wconf 85' lang='lat' dir='ltr'>perpetuum</span> <span class='ocrx_word' id='word_1_265' title='bbox 1216 2726 1315 2766; x_wconf 91' lang='lat' dir='ltr'>eccl.</span> <span class='ocrx_word' id='word_1_266' title='bbox 1351 2726 1392 2766; x_wconf 90' lang='lat' dir='ltr'>S.</span> <span class='ocrx_word' id='word_1_267' title='bbox 1426 2724 1675 2777; x_wconf 86' lang='lat' dir='ltr'>Hieronymi</span> 
     </span>
    </p>
   </div>
   <div class='ocr_carea' id='block_1_15' title="bbox 97 2795 1289 2904">
    <p class='ocr_par' dir='ltr' id='par_1_16' title="bbox 97 2795 1289 2904">
     <span class='ocr_line' id='line_1_33' title="bbox 97 2795 1289 2849; baseline 0.001 -14"><span class='ocrx_word' id='word_1_268' title='bbox 97 2796 353 2836; x_wconf 86' lang='lat' dir='ltr'>iesuatorum</span> <span class='ocrx_word' id='word_1_269' title='bbox 374 2801 600 2837; x_wconf 89' lang='lat' dir='ltr'>conventus</span> <span class='ocrx_word' id='word_1_270' title='bbox 620 2797 832 2849; x_wconf 84' lang='lat' dir='ltr'>suppressi</span> <span class='ocrx_word' id='word_1_271' title='bbox 852 2798 893 2836; x_wconf 89' lang='lat' dir='ltr'>in</span> <span class='ocrx_word' id='word_1_272' title='bbox 918 2796 956 2837; x_wconf 89' lang='lat' dir='ltr'>d.</span> <span class='ocrx_word' id='word_1_273' title='bbox 982 2797 1061 2837; x_wconf 89' lang='lat' dir='ltr'>civ.</span> <span class='ocrx_word' id='word_1_274' title='bbox 1084 2795 1289 2837; x_wconf 87' lang='lat' dir='ltr'>concedit.</span> 
     </span>
     <span class='ocr_line' id='line_1_34' title="bbox 98 2860 980 2904; baseline 0.003 -10"><span class='ocrx_word' id='word_1_275' title='bbox 98 2860 138 2894; x_wconf 88' lang='lat' dir='ltr'>R.</span> <span class='ocrx_word' id='word_1_276' title='bbox 159 2871 216 2904; x_wconf 85' lang='lat' dir='ltr'>ap.</span> <span class='ocrx_word' id='word_1_277' title='bbox 237 2861 273 2895; x_wconf 85' lang='lat' dir='ltr'>S.</span> <span class='ocrx_word' id='word_1_278' title='bbox 291 2862 329 2895; x_wconf 93' lang='lat' dir='ltr'>M</span> <span class='ocrx_word' id='word_1_279' title='bbox 363 2861 412 2895; x_wconf 84' lang='lat' dir='ltr'>M.</span> <span class='ocrx_word' id='word_1_280' title='bbox 430 2862 551 2895; x_wconf 83' lang='lat' dir='ltr'>XXVI</span> <span class='ocrx_word' id='word_1_281' title='bbox 570 2862 658 2896; x_wconf 64' lang='lat' dir='ltr'>Maii</span> <span class='ocrx_word' id='word_1_282' title='bbox 679 2865 762 2897; x_wconf 86' lang='lat'>1660</span> <span class='ocrx_word' id='word_1_283' title='bbox 782 2863 819 2895; x_wconf 76' lang='lat' dir='ltr'>P.</span> <span class='ocrx_word' id='word_1_284' title='bbox 840 2874 898 2896; x_wconf 73' lang='lat' dir='ltr'>an.</span> <span class='ocrx_word' id='word_1_285' title='bbox 924 2863 980 2897; x_wconf 61' lang='lat' dir='ltr'>VI.</span> 
     </span>
    </p>
   </div>
   <div class='ocr_carea' id='block_1_16' title="bbox 1259 2970 1671 3013">
    <p class='ocr_par' dir='ltr' id='par_1_17' title="bbox 1259 2970 1671 3013">
     <span class='ocr_line' id='line_1_35' title="bbox 1259 2970 1671 3013; baseline -0.002 -9"><span class='ocrx_word' id='word_1_286' title='bbox 1259 2970 1344 3013; x_wconf 73' lang='lat' dir='ltr'>Rey.</span> <span class='ocrx_word' id='word_1_287' title='bbox 1366 2970 1453 3003; x_wconf 72' lang='lat' dir='ltr'>bun.</span> <span class='ocrx_word' id='word_1_288' title='bbox 1483 2970 1538 3004; x_wconf 88' lang='lat' dir='ltr'>VI.</span> <span class='ocrx_word' id='word_1_289' title='bbox 1559 2973 1622 3005; x_wconf 86' lang='lat'>165</span> <span class='ocrx_word' id='word_1_290' title='bbox 1638 2971 1671 3004; x_wconf 94' lang='lat' dir='ltr'>b.</span> 
     </span>
    </p>
   </div>
  </div>
 </body>
</html>
