1989 3252
329 170 473 213 Clem.
500 167 585 211 XI.
998 188 1050 194 —-
1079 164 1161 205 432
1193 185 1246 188 —
1789 162 1920 206 1705.

327 254 565 296 Sinensium
601 266 726 306 super
747 252 945 294 mandato
981 254 1033 293 26
1071 251 1181 292 Mart
1205 252 1310 291 1693
1350 249 1491 291 Caroli
1521 248 1701 300 Maigrot
1729 246 1821 288 Vic.
1845 261 1913 301 ap.

328 325 544 367 Fokiensis
567 324 637 377 (de
656 324 732 365 Dei
749 323 1009 375 nominibus,
1029 322 1080 363 de
1096 309 1264 363 tabellis
1281 323 1324 362 in
1347 321 1537 363 ecclesiis
1558 319 1740 372 appendi
1761 319 1910 372 solitis,

329 398 379 438 de
414 395 786 448 oblationibus‚.de
821 395 990 436 tabellis
1031 394 1343 445 defunctorum,
1381 393 1431 433 de
1471 392 1585 433 cultu
1627 389 1836 442 Confuoii,
1868 389 1920 431 de

329 469 532 510 librorum
573 467 851 522 quorumdam
885 466 1184 520 expositione).
1209 464 1377 505 Auditis
1413 464 1618 517 episcopis
1649 463 1845 516 Beryten.
1879 468 1921 504 et

330 540 543 582 Rosalien.
568 544 610 581 et
630 539 698 581 Fr.
724 538 830 581 Noel
851 552 901 580 ac
920 537 1048 590 Gasp.
1074 537 1251 578 Castner
1272 534 1313 577 S.
1337 535 1372 577 Ι.
1397 535 1569 576 mandat
1591 534 1739 575 Carolo
1761 533 1839 575 Th.
1864 534 1915 575 de

331 612 528 654 Tournon
562 610 828 665 patriarchae
856 609 1116 650 Antiocheno
1151 607 1441 649 commissario
1476 612 1519 648 et
1549 607 1660 648 visit.
1700 609 1835 659 apost.
1878 606 1921 646 in

331 683 527 725 Sinarum
550 696 675 736 regno
696 682 929 724 transmitti
951 693 1166 734 responsa,
1185 678 1238 720 ab
1255 680 1450 721 omnibus
1468 677 1744 719 missionariis
1761 678 1920 718 cuiusc.

331 756 499 797 Ordinis
520 755 650 797 etiam
673 753 714 796 S.
739 753 774 795 Ι.
800 752 1074 795 observanda.

331 823 402 857 XX
424 822 512 855 Nov.
535 822 632 856 1704.

332 943 431 976 Ball.
452 942 558 977 Rom.
579 960 618 964 —
638 941 741 974 Bucz.
763 941 809 974 de
825 951 983 983 propay.
1003 939 1077 983 fide
1096 938 1145 972 II.
1166 940 1245 973 236.

417 1064 491 1107 ³24.
526 1066 575 1104 A.
599 1060 645 1102 F.
671 1060 706 1100 R
745 1059 786 1101 M
831 1062 1045 1103 Omnium
1065 1060 1217 1101 saluti.
1258 1054 1390 1097 Clem.
1427 1054 1486 1096 XI
1521 1055 1655 1097 altare
1690 1054 1926 1108 privilegia-

335 1140 425 1175 tum
448 1135 490 1174 in
511 1133 692 1175 ecclesia
711 1131 753 1174 S.
777 1130 947 1184 Iosephi
968 1130 1048 1171 ciV.
1074 1128 1321 1171 Pekinensis
1342 1128 1478 1182 erigit.

334 1200 378 1235 R.
398 1211 456 1243 ap.
478 1200 514 1235 S.
537 1199 585 1233 M.
606 1199 656 1234 M.
675 1197 834 1234 XXVIII
851 1197 941 1232 Nov.
964 1198 1048 1231 1704
1067 1195 1106 1229 P.
1127 1206 1187 1230 an.
1207 1195 1269 1230 IV.

1553 1313 1641 1356 Ray.
1662 1312 1749 1346 hall.
1779 1312 1853 1347 VII.
1875 1314 1930 1347 91.

418 1441 489 1487 225.
526 1439 766 1481 Facultates
783 1450 1039 1480 concessae..
1098 1435 1144 1477 P.
1171 1434 1345 1476 Nicolao
1384 1433 1551 1474 Bazzire
1587 1432 1627 1475 S.
1652 1432 1687 1473 I.
1722 1431 1929 1485 superiori

340 1513 590 1554 missionum
624 1511 813 1553 eiusdem
847 1509 939 1552 Soc.
974 1509 1015 1549 in
1052 1507 1175 1560 Syria
1195 1509 1415 1563 (foranum
1439 1514 1667 1562 impressa
1689 1509 1811 1556 z'n-4).
1835 1528 1860 1533 -
1881 1502 1930 1543 In

340 1599 482 1638 congr.
506 1597 599 1637 gen.
621 1583 663 1625 S.
689 1582 738 1625 R.
759 1588 802 1623 et
822 1581 876 1623 U.
896 1581 931 1623 Ι.
1025 1581 1065 1622 S.
1087 1580 1135 1621 D.
1155 1578 1206 1620 N.
1228 1579 1434 1620 concessit
1452 1577 1498 1619 P.
1518 1576 1694 1617 Nicolao
1711 1575 1927 1616 Bozzire...

341 1655 513 1710 suprad.
538 1654 761 1696 facultates
790 1653 844 1695 ad
873 1652 1200 1706 quadriennium
1231 1675 1256 1680 -
1286 1650 1336 1691 G.
1361 1648 1485 1691 Card.
1519 1648 1810 1689 Marescottus.
1844 1646 1928 1687 Ios.

341 1727 537 1769 Bartolus
558 1734 645 1769 not.

341 1795 380 1828 F.
402 1798 432 1828 5.
454 1794 544 1828 (1164
563 1794 648 1833 Dec.
671 1795 766 1828 1704.

1555 1898 1640 1940 κερ.
1662 1896 1751 1930 bun.
1780 1895 1861 1929 νη.
1881 1897 1934 1929 92.

426 2026 496 2069 213.
532 2022 777 2068 Facultates
796 2034 1022 2063 concessae
1117 2019 1162 2060 P.
1188 2017 1339 2060 Carolo
1361 2017 1567 2068 Lemayre
1603 2016 1643 2058 S.
1668 2015 1702 2057 I.
1727 2015 1935 2068 superiori

345 2097 575 2137 missonum
591 2093 725 2136 eiusd.
743 2093 835 2135 Soc.
855 2094 899 2134 in
915 2092 1066 2133 insulis
1083 2091 1211 2132 maris
1233 2090 1363 2143 Aegei
1385 2092 1540 2145 (form.
1564 2091 1736 2139 eadem)
1758 2086 1936 2140 aliisque

341 2168 515 2209 orientis
537 2166 742 2220 partibus.
765 2190 821 2197 —
839 2164 889 2206 In
909 2164 1059 2217 Congr.
1083 2177 1178 2216 gen.
1276 2161 1371 2202 Car.
1399 2162 1651 2212 Lemayre...

345 2234 384 2268 F.
403 2237 424 2269 5
442 2234 500 2267 die
517 2237 537 2267 4
556 2233 641 2267 Dec.
665 2234 758 2268 1704.

1545 2338 1633 2379 Rey.
1654 2336 1743 2370 bun.
1775 2336 1854 2369 VII.
1875 2338 1917 2370 92
1932 2362 1939 2369 .

428 2467 496 2511 27.
531 2465 580 2505 A.
600 2463 646 2505 F.
678 2463 724 2504 R.
750 2461 807 2504 M.
835 2469 942 2507 Cum
963 2466 1079 2504 sicat
1102 2461 1388 2503 venerabaris.
1408 2482 1434 2488 —
1451 2457 1582 2498 Glem.
1607 2455 1682 2508 XI,
1702 2458 1938 2509 exponente

347 2536 548 2588 archiepo
569 2533 849 2584 Manilanen.,
868 2532 1020 2573 fratres
1037 2530 1085 2571 O.
1111 2529 1279 2581 Praed,
1304 2529 1487 2570 minores
1519 2528 1560 2569 S.
1591 2528 1655 2568 Fr.
1681 2527 1730 2567 de
1752 2526 1935 2577 observ.‚

348 2607 545 2647 eremitas
579 2604 621 2646 S.
645 2605 751 2656 Aug.
776 2615 939 2644 necnon
975 2602 1075 2642 cler.
1101 2613 1175 2641 seu
1210 2600 1334 2652 presb
1391 2612 1475 2651 reg.
1516 2598 1555 2638 S.
1595 2597 1628 2638 I.
1663 2599 1704 2637 in
1738 2599 1818 2637 700
1852 2597 1939 2637 suis

350 2677 540 2718 ecclesiis
561 2689 651 2728 seu,
675 2680 722 2716 ut
741 2678 910 2725 vocant,
934 2673 1150 2722 doctrinis,
1172 2672 1235 2712 ius
1251 2670 1520 2721 visitationis,
1540 2670 1584 2709 in
1602 2669 1651 2709 iis
1669 2681 1777 2722 quae
1792 2681 1936 2708 curam

350 2749 588 2789 animarum
609 2753 652 2788 et
680 2760 857 2788 sacram.
883 2744 1042 2786 admin.
1066 2748 1340 2794 concernunt,
1364 2754 1589 2794 agnoscere
1621 2753 1697 2781 nec
1727 2740 1938 2780 doctrinas

349 2820 563 2861 dimittere
582 2832 704 2873 posse
726 2818 932 2859 decernit.

350 2886 393 2920 R.
414 2897 473 2928 ap.
493 2885 529 2919 S.
550 2886 586 2922 S.
608 2885 647 2918 P.
668 2884 778 2920 XXX
793 2884 870 2919 Ian.
895 2885 977 2918 1705
994 2882 1035 2916 P.
1055 2892 1113 2916 an.
1138 2883 1176 2915 V.

357 3007 456 3041 Buzl.
475 3008 594 3050 depr.
614 3009 644 3051 f.
665 3007 716 3040 11.
739 3008 816 3041 237.
