1989 3252
272 208 416 252 Clem.
435 206 522 250 XI.
933 228 986 235 —
1015 206 1095 245 440
1126 225 1181 231 —
1733 205 1859 249 1711.

272 292 435 333 sitionis
455 303 656 344 responsa
675 305 752 333 sua
782 293 834 333 20
867 291 972 333 Nov.
1000 292 1106 333 1704
1126 295 1167 332 et
1201 290 1415 333 decretum
1442 289 1566 331 Card.
1590 289 1642 332 de
1663 289 1860 332 Tournon

271 366 324 405 25
343 362 434 404 Ian.
463 362 567 403 1707
589 362 892 413 confirmantis,
919 363 1102 404 vetantis
1119 362 1348 417 quidquam
1369 361 1438 403 edi
1458 361 1510 403 de
1536 360 1688 402 ritibus
1709 359 1859 403 Sinicis

271 435 361 476 sine
381 433 556 475 licentIa
575 433 617 476 S.
642 433 773 475 Sedis.

271 500 375 535 xxv
397 499 495 543 Sept.
521 500 613 535 1710.

268 620 373 655 Ball.
389 620 435 654 de
448 632 508 664 pr.
528 621 553 663 f.
574 619 624 654 II.
646 622 709 655 281
721 620 780 661 (1).

348 747 419 790 62.
455 743 604 797 Congr.
629 758 662 784 s.
687 744 755 785 rit.
780 748 823 785 et
845 743 931 785 ind.
956 769 981 774 —
1005 744 1266 797 Responsum
1296 743 1350 785 ad
1373 743 1419 784 P.
1442 742 1723 785 Cavarrubias
1755 741 1797 784 S.
1820 741 1855 783 Ι.

267 821 582 870 procuratorem
603 829 697 869 gen.
723 815 971 856 missionum
993 814 1085 855 Ind.
1120 814 1254 856 occid.
1278 815 1344 855 An
1364 814 1447 856 ΡΡ.
1473 813 1514 856 8.
1538 813 1573 855 Ι.
1597 814 1669 867 qui
1700 812 1859 854 bullam

265 888 479 929 cruciatae
514 900 597 928 non
633 891 910 940 susceperunt
945 890 987 927 et
1020 886 1063 926 in
1100 886 1150 926 iis
1186 885 1288 927 locis
1323 886 1600 927 immorantur
1632 885 1673 926 in
1706 883 1859 938 quibus

265 958 413 1000 eadem
435 957 552 999 bulla
572 956 831 1012 publicatur,
851 957 1010 998 lucrari
1039 957 1202 1010 possint
1238 956 1344 998 alias
1364 956 1646 1009 indulgentias
1667 954 1748 997 sibi
1769 968 1795 996 a
1815 954 1857 996 S.

267 1030 372 1072 Sede
392 1042 612 1071 concessas
631 1029 651 1070 ⁶?
671 1053 697 1060 -
719 1026 801 1070 Aff.
825 1033 868 1070 et
888 1028 943 1070 ad
963 1032 1164 1070 mentem.

273 1099 313 1131 Π
332 1095 418 1130 1)66.
439 1098 534 1131 1710.

1715 1201 1860 1237 Bullae.

348 1328 419 1371 63.
455 1328 786 1368 Fraternicatz's
806 1329 922 1366 tuae.
948 1346 973 1351 -
994 1318 1126 1361 Clem.
1149 1319 1208 1360 XI
1244 1318 1420 1361 Claudio
1442 1321 1643 1364 Visdelou
1664 1335 1729 1375 pr.
1755 1321 1798 1363 S.
1822 1320 1856 1362 Ι.

266 1411 340 1451 per
360 1395 482 1438 Card.
508 1396 603 1437 Car.
629 1395 706 1436 Th.
733 1393 933 1436 Maillard
954 1392 1005 1433 de
1027 1392 1225 1433 Tournon
1246 1392 1289 1432 111
1310 1393 1552 1447 episcopum
1573 1392 1858 1446 Claudiopoli-

267 1473 412 1510 tanum
448 1467 524 1508 sub
560 1472 784 1521 praecepto
821 1464 1089 1506 obedientiae
1112 1463 1247 1504 electo
1278 1478 1328 1505 ac
1350 1462 1514 1506 Vieario
1535 1468 1668 1518 apost.
1692 1464 1860 1518 provin-

265 1541 355 1582 ciae
395 1539 629 1589 Quei-cheu
667 1539 711 1579 in
751 1537 861 1579 Sinis
903 1537 1132 1577 constituto
1172 1535 1382 1589 significat
1419 1536 1780 1578 confirmationem
1815 1540 1858 1576 et

266 1611 566 1653 validationem
587 1609 876 1663 apostolicam.

266 1679 307 1712 R.
328 1689 385 1721 ap.
407 1677 442 1711 S.
464 1677 505 1711 P.
528 1676 597 1711 XV
620 1677 726 1710 Mart.
746 1677 828 1710 1711
847 1675 887 1709 P.
909 1685 967 1708 311.
988 1674 1052 1709 XI.

264 1803 372 1838 Bulz.
391 1803 436 1837 de
452 1814 510 1845 pr.
531 1805 555 1842 f.
576 1802 620 1837 II
631 1803 706 1836 291.

347 1930 419 1973 64.
453 1927 503 1968 A.
528 1925 575 1968 F.
601 1925 649 1967 R.
677 1925 736 1967 M.
763 1932 869 1970 Cum
891 1931 1009 1969 sieut
1029 1928 1303 1982 accepimus.
1328 1949 1353 1956 -
1387 1924 1521 1966 Clem.
1544 1923 1604 1965 XI
1639 1924 1856 1967 decretum

267 1996 391 2039 Card.
414 1996 554 2038 Caroli
576 1996 655 2038 Th.
682 1995 878 2037 Maillard
901 1995 952 2037 de
973 1994 1186 2048 Tournon,
1210 1995 1488 2036 commissarii
1519 1998 1561 2035 et
1580 1993 1750 2036 Visitat.
1774 1994 1853 2050 Ap.

268 2068 463 2110 Sinarum
481 2068 649 2110 Machai
667 2068 811 2109 datum
835 2067 873 2108 d.
895 2069 919 2108 3
934 2066 1016 2108 Iul.
1045 2067 1165 2118 1708,
1184 2080 1266 2121 quo
1283 2067 1503 2108 missiones
1520 2065 1679 2108 Sinicas
1695 2066 1857 2119 ingredi

269 2140 334 2182 vel
355 2140 473 2181 obire
494 2140 585 2181 sine
615 2138 786 2181 licentia
821 2144 987 2180 vetatur
1018 2138 1307 2180 missionarius
1328 2137 1393 2179 vel
1430 2136 1650 2191 presbyter
1679 2137 1858 2192 quilibet

268 2212 356 2253 sive
377 2211 531 2253 saecul.
557 2211 644 2252 sive
664 2211 797 2263 regul.
822 2210 1126 2264 cuiuscumque
1147 2209 1246 2251 Ord.
1271 2209 1400 2250 etiam
1422 2207 1462 2250 S.
1483 2207 1537 2260 I.‚
1560 2208 1782 2250 confirmat
1815 2213 1859 2250 et

270 2282 461 2324 extendit
481 2281 535 2324 ad
556 2282 835 2324 commissarii
857 2294 1133 2323 successores.

269 2348 311 2384 R.
330 2359 388 2392 ap.
410 2349 445 2383 S.
465 2349 505 2384 P.
526 2348 593 2383 XV
612 2349 719 2382 Mart.
739 2349 822 2383 1711
841 2348 882 2383 Ρ.
902 2358 961 2382 an.
980 2347 1045 2383 XI.

271 2472 372 2507 Bull.
392 2473 501 2510 Rom.
519 2491 563 2500 -
580 2473 680 2509 Bull.
699 2473 746 2508 de
760 2484 819 2518 pr.
839 2476 864 2513 f.
887 2472 932 2508 ΙΙ
943 2474 1018 2509 283.

354 2598 427 2643 65.
461 2605 534 2642 Em
552 2605 611 2642 z'z's
630 2613 747 2654 quae
767 2600 970 2642 dilectus.
993 2622 1020 2628 -
1041 2595 1174 2639 Clem.
1212 2595 1271 2638 XI
1306 2594 1481 2638 Claudio
1517 2596 1717 2638 Visdelou
1752 2596 1860 2651 epis-

272 2681 375 2722 copo
397 2667 762 2722 Claudiopolitano
787 2669 827 2710 S.
852 2668 886 2710 I.
912 2667 1132 2710 confirmat
1152 2668 1480 2721 praefectionem
1504 2681 1530 2709 a
1565 2666 1687 2710 Card.
1711 2666 1859 2709 Carolo

273 2739 324 2780 de
345 2739 542 2781 Tournon
564 2741 607 2781 in
629 2741 719 2782 eius
740 2753 920 2794 persona
940 2739 1094 2781 factam
1116 2740 1159 2780 in
1181 2739 1426 2793 episcopum
1449 2738 1550 2781 6661.
1576 2737 1858 2792 Claudiopoli-

272 2815 397 2852 tanae
419 2816 459 2852 et
481 2812 573 2853 eius
608 2811 922 2866 deputationem
953 2812 998 2852 in
1018 2810 1234 2853 Vicarium
1264 2816 1398 2864 apost.
1425 2824 1541 2864 prov,
1565 2810 1795 2863 Kueycheu
1815 2810 1859 2851 in

272 2894 401 2935 regno
423 2881 616 2924 Sinai-um
638 2899 645 2936 3
670 2897 722 2925 ex
742 2884 833 2925 eius
855 2883 1004 2924 litteris
1029 2884 1078 2925 12
1099 2882 1181 2924 feb.
1204 2882 1309 2923 1710
1327 2881 1578 2923 Pudecherii
1594 2880 1704 2923 datis
1725 2880 1857 2922 liben-

333 3024 377 3065 (1)
397 3036 428 3066 1».
448 3026 512 3059 280
529 3025 660 3058 literae
674 3028 694 3060 4
713 3024 957 3059 Generalium
979 3024 1092 3059 Ordd.
1110 3027 1215 3067 reliq.
1237 3025 1278 3058 18
1296 3022 1374 3058 Oct.
1397 3024 1494 3058 1710.
