1989 3252
52 204 231 249 ...Imma
253 200 363 244 XII.
732 223 787 230 -
815 202 894 241 425
924 225 977 230 -
1513 201 1643 244 1699.

64 286 168 338 cael,
193 285 231 327 d.
259 286 391 327 dioec.
416 288 440 327 8
463 286 573 340 Sept.
594 311 620 318 -
640 288 705 328 10.
723 287 767 327 in
788 286 890 327 eccl.
912 286 981 328 SS.
1001 286 1116 328 Petri
1137 291 1179 327 et
1194 285 1316 327 Pauli
1338 299 1434 338 opp.
1458 284 1645 326 Tutucu-

59 358 140 399 rim
161 356 201 398 d.
227 356 359 398 dioec.
383 357 426 398 in
446 357 552 398 festo
573 357 612 399 S.
639 357 696 399 M.
720 357 771 398 ad
792 359 906 398 nives
927 362 1130 411 patronae
1150 370 1247 398 orae
1268 356 1487 410 piscariae.

62 425 137 460 Ian.
159 425 244 458 1699

1259 530 1342 573 Ray.
1363 530 1450 564 bun.
1479 530 1560 564 vn.
1580 533 1635 566 61.

143 653 215 696 56.
249 649 397 702 Congr.
435 649 716 690 immunitatis
753 648 853 689 eccl.
878 648 1056 701 epistola
1088 648 1141 690 ad
1175 650 1301 702 episc.
1342 648 1509 690 Vilnen.
1548 662 1643 689 curn

61 721 225 763 decreto
247 733 322 773 pro
344 719 607 761 absolutione
630 716 751 759 finali
770 718 851 759 ΡΡ.
876 718 917 760 S.
942 718 977 759 I.
1000 718 1263 773 aliorumque
1292 719 1543 772 regularium
1574 719 1646 772 qui

64 791 117 832 ab
137 805 186 833 eo
207 791 375 832 fuerant
396 790 585 831 censuris
604 788 809 830 innodati.

62 861 104 893 25
120 858 228 892 Mart.
254 858 350 892 1699.

1384 964 1537 998 Elench.
1558 964 1645 998 bull.

145 1085 215 1128 57.
241 1081 375 1135 Congr
409 1096 492 1124 sac.
508 1083 577 1124 rit.
599 1107 623 1113 -
640 1081 864 1123 Decretum
882 1081 1118 1135 approbans
1134 1082 1382 1124 electionem
1399 1082 1469 1125 SS.
1489 1082 1643 1135 Ignatii

63 1158 104 1193 et
137 1153 207 1195 Fr.
243 1152 349 1194 Xav.
388 1154 432 1194 in
471 1157 666 1206 patronos
707 1153 844 1193 minus
881 1153 1136 1205 principales
1171 1153 1250 1194 civ.
1288 1152 1513 1194 Sulmonae
1549 1166 1644 1193 cum

62 1224 362 1276 praerogativis
384 1223 732 1277 competentibus

59 1291 99 1324 22
119 1290 211 1332 Aug.
238 1292 329 1324 1699.

1386 1397 1537 1431 Elench..
1557 1398 1644 1431 bull.

146 1519 219 1563 58.
251 1519 302 1558 A.
327 1517 372 1558 P.
406 1516 456 1558 R.
482 1515 538 1557 M.
566 1523 673 1560 Cum
694 1519 828 1560 siculi
848 1524 1123 1571 accepimns.
1147 1540 1172 1546 -
1192 1515 1284 1556 Inn.
1309 1514 1391 1556 XII
1417 1516 1645 1557 confrater-

66 1589 190 1630 nitati
205 1589 425 1642 utriusque
440 1601 565 1629 sexus
582 1587 659 1628 sub
674 1588 739 1628 tit.
761 1586 832 1629 SS.
844 1587 1105 1628 Sacramenti
1118 1587 1161 1627 in
1177 1587 1356 1628 ecclesia
1372 1600 1445 1627 seu
1462 1588 1645 1629 oratorio

62 1660 308 1701 clericorum
330 1660 583 1713 regularium
606 1659 647 1700 S.
672 1659 707 1700 I.
732 1659 774 1699 in
797 1659 956 1712 palatio
980 1659 1247 1712 imperatoris
1268 1673 1392 1699 nunc.
1417 1659 1495 1700 civ.
1518 1658 1641 1700 Peki-

62 1732 203 1772 nensis
242 1731 357 1784 regni
397 1730 592 1772 Sinarum
632 1730 824 1771 concedit
874 1729 1177 1783 indulgentiam
1218 1729 1448 1783 plenariam
1489 1730 1532 1770 in
1573 1730 1640 1771 die

60 1802 270 1854 ingressus
290 1807 332 1842 et
353 1802 396 1843 in
417 1801 484 1843 die
505 1802 611 1842 festo
634 1802 872 1854 principali,
896 1801 1100 1855 aliasque.

60 1867 103 1902 R.
123 1879 181 1911 ap.
202 1868 237 1902 S.
259 1868 308 1902 M.
328 1868 375 1901 M.
395 1868 447 1903 IX
465 1868 555 1901 Nov.
579 1870 662 1902 1699
681 1867 720 1901 P.
741 1879 785 1900 an
820 1868 883 1902 [x.

1267 1983 1354 2025 Ray.
1377 1983 1464 2015 bull.
1490 1983 1567 2017 VII.
1588 1986 1642 2018 67.

141 2104 213 2147 59.
246 2102 295 2143 A.
330 2101 375 2143 F.
398 2100 450 2143 R.
477 2101 534 2142 M.
561 2108 774 2145 Onmc‘wn
794 2105 948 2145 saluti.
973 2125 998 2131 -
1020 2101 1115 2142 Inn.
1140 2100 1221 2142 XII
1251 2100 1383 2142 altare
1414 2101 1642 2143 confrater-

58 2173 205 2214 nitatis
225 2172 292 2214 SS.
320 2173 582 2214 Sacramenti
604 2173 646 2213 in
667 2173 848 2214 oratorio
870 2172 1120 2213 clericorum
1142 2171 1182 2213 S.
1207 2171 1241 2213 I.
1265 2173 1306 2212 in
1327 2172 1485 2225 palatio
1506 2172 1639 2226 impe-

58 2245 207 2285 ratoris
241 2244 436 2285 Pekinen.
472 2244 587 2297 regni
621 2243 831 2295 Sinarum,
864 2243 1113 2296 privilegiat.
1147 2242 1210 2284 Ad
1247 2243 1497 2284 decennium
1531 2242 1635 2297 (Cfr.

57 2328 98 2355 n.
127 2317 144 2355 1
203 2348 208 2354 ,

59 2380 98 2415 R.
119 2316 235 2424 apps.
254 2381 303 2415 M.
325 2381 373 2414 M.
399 2381 449 2415 1X
468 2382 662 2416 Nov.1699
682 2380 720 2414 P.
740 2392 797 2413 an.
822 2380 885 2415 lX.

1257 2500 1346 2544 Rey.
1367 2501 1454 2534 hall.
1483 2500 1562 2535 VII.
1580 2504 1635 2536 64.

137 2622 210 2664 60.
245 2620 293 2660 A.
318 2619 365 2659 F.
388 2618 438 2660 R.
462 2617 520 2660 M.
548 2626 757 2662 Onmu'zmz
780 2621 935 2661 saluti.
958 2641 983 2647 -
1005 2617 1097 2658 Iun.
1123 2616 1204 2658 XII
1240 2617 1374 2659 altare
1404 2618 1632 2660 confrater-

55 2691 199 2731 nitatis
220 2703 293 2730 seu
309 2689 638 2742 congregationis
654 2688 885 2729 devotionis
905 2687 952 2729 D.
973 2687 1025 2728 N.
1045 2687 1080 2729 I.
1099 2688 1175 2729 Ch.
1195 2689 1240 2729 in
1255 2701 1377 2729 cruce
1395 2688 1633 2730 moribundi

54 2765 95 2801 et
116 2760 163 2802 B.
186 2760 235 2802 V.
255 2759 313 2801 M.
333 2760 423 2801 eius
443 2759 656 2813 genitricis
678 2758 909 2810 dolorosae,
928 2757 1099 2810 ibidem,
1118 2758 1368 2812 privilegiat.
1396 2759 1459 2800 Ad
1481 2759 1632 2801 decen-

53 2846 183 2873 mum.

54 2898 94 2932 R..
115 2909 170 2940 ap.
194 2897 230 2931 S.
249 2897 299 2933 M.
320 2897 369 2930 M.
390 2897 440 2931 IX
461 2896 548 2930 Nov.
571 2898 655 2930 1699
673 2896 714 2930 P.
735 2906 791 2928 an.
810 2895 874 2930 IX.

1256 3015 1344 3057 Rey.
1363 3015 1451 3048 bull.
1476 3015 1555 3049 VII.
1575 3019 1629 3049 65.
