1989 3252
126 196 268 240 Clem.
288 195 375 240 XI.
781 218 830 223 —
861 195 941 235 437
970 218 1026 224 —
1572 195 1731 262 1708.-

204 284 278 327 46.
312 289 410 324 Elsz'
429 284 614 325 eredere
632 296 724 337 par
742 288 812 324 sc'l.
837 305 863 310 -
882 280 1013 322 Clem.
1038 279 1097 320 XI
1118 279 1386 333 Inghelberto
1416 279 1573 322 Biscoff
1599 280 1640 322 S.
1665 280 1699 322 Ι.

123 353 243 394 Caes.
268 353 430 393 maiest.
465 351 719 392 confessario
759 351 950 392 stimulos
986 350 1179 392 admovet
1200 356 1246 392 ut
1279 351 1389 393 adsit
1411 352 1622 392 maiestati
1650 365 1701 392 ne

123 423 383 464 invalescant
422 435 565 463 eorum
606 421 783 463 consilia
830 422 902 475 qui
936 421 1192 462 contendant
1225 422 1423 475 expedire
1458 422 1641 463 oblatam
1677 435 1702 462 a

121 493 314 546 Principe
335 492 568 533 acatholico
585 492 791 545 pecuniae
808 504 1016 533 summam
1032 497 1178 533 mutuo
1195 493 1384 545 accipere
1400 506 1450 533 ea
1463 491 1700 533 conditione

124 568 171 604 ut
190 564 228 604 ei
250 564 433 604 vicissim
458 564 784 616 oppignorentur
816 570 954 604 terrae
988 570 1030 605 et
1064 568 1288 617 proventus
1321 563 1524 604 ecclesiae
1560 563 1703 604 Hilde-

125 635 289 676 siensis.

125 700 166 734 R.
185 710 242 743 ap.
263 698 298 734 S.
320 699 360 733 P.
381 699 485 733 XXV
504 698 607 733 Febr.
629 701 711 734 1708
730 699 770 733 P.
792 711 850 732 an.
872 699 964 734 VIII.

123 809 234 842 Clem.
254 807 321 842 XI.
344 810 446 851 epist.

202 918 275 960 47.
311 922 406 960 Etsi
425 921 486 959 ad
504 924 829 959 necessariam.
854 940 879 945 —
899 915 1029 957 Clem.
1054 914 1114 956 XI
1134 915 1401 968 Inghelberto
1424 914 1580 957 Biscoff
1598 916 1639 957 S.
1666 916 1700 957 Ι.

124 986 245 1027 Caes.
271 988 436 1028 maiest.
470 986 723 1027 confessario
759 986 1090 1028 denuntiandum
1121 986 1237 1027 ducit
1272 986 1507 1039 periculum
1539 988 1704 1028 animae

121 1057 326 1108 Caesaris,
349 1058 384 1098 si
404 1063 562 1109 tamen,
585 1058 675 1110 ipso
698 1057 867 1098 iubente
887 1062 959 1098 aut
979 1059 1160 1109 conscio,
1183 1062 1330 1110 aperte
1352 1071 1462 1098 nunc
1483 1058 1545 1097 vis
1574 1058 1705 1098 eccle-

122 1128 317 1169 siasticae
352 1128 500 1169 ditioni
533 1141 560 1169 a
596 1127 800 1169 militibus
834 1129 924 1168 eius
958 1128 1080 1169 illata
1111 1129 1181 1180 sit,
1208 1133 1430 1181 monetque
1452 1134 1499 1168 ut
1529 1128 1703 1169 umbras

122 1199 327 1239 malorum
347 1199 561 1240 hominum
583 1211 710 1252 opera
730 1199 860 1239 menti
882 1197 994 1239 illius
1016 1197 1171 1239 offusas
1193 1198 1406 1239 discutiat.

123 1265 161 1298 R.
182 1264 215 1300 Π
230 1265 309 1299 Iun.
332 1267 414 1300 1708
435 1264 662 1299 P.an.V111.

123 1374 236 1408 Clam.
256 1374 320 1408 XI.
341 1376 445 1417 epist.

204 1485 276 1528 48.
315 1485 605 1525 Praesidium
627 1486 716 1537 aliq
727 1485 813 1525 uos!
851 1507 875 1512 -
897 1482 1029 1524 (flem.
1055 1481 1113 1522 xl
1134 1482 1401 1534 Inghelberto
1423 1481 1581 1524 Biscoff
1600 1483 1640 1524 S.
1666 1484 1702 1525 I.

121 1552 241 1593 Caes,
266 1553 429 1594 maiest.
463 1552 715 1594 confessario
746 1552 966 1593 denuntiat
1000 1553 1187 1606 pericula
1224 1555 1265 1593 in
1297 1553 1449 1607 quibus
1485 1560 1704 1594 versantur

122 1623 319 1665 catholici
339 1624 381 1663 in
403 1623 559 1664 ditione
581 1623 832 1665 marchionis
854 1623 1238 1677 Brandeburgensis
1259 1638 1310 1665 ex
1346 1638 1473 1665 causa
1509 1625 1700 1677 denegati

122 1693 371 1735 administro
420 1693 608 1735 eiusdem
657 1694 911 1735 marchionis
952 1696 991 1735 in
1032 1696 1202 1736 civitate
1234 1695 1471 1736 Coloniensi
1507 1697 1699 1736 exercitii

122 1764 371 1818 reprobatae
392 1769 529 1806 sectae
551 1764 829 1816 calvinianae,
853 1771 1075 1818 monetque
1099 1774 1143 1806 ut
1171 1779 1312 1807 eorum
1345 1779 1514 1806 causam
1539 1776 1703 1819 peroret

122 1835 235 1887 apud
257 1835 376 1877 Caes.
403 1836 683 1876 maiestatem.

121 1901 165 1935 R.
187 1901 272 1936 XIV
290 1902 356 1936 Iul.
377 1904 460 1936 1708
479 1901 520 1935 P.
539 1912 584 1934 an
625 1901 714 1936 vIII.

123 2010 235 2045 Clem.
255 2010 315 2044 XI
343 2012 447 2051 episc.

201 2136 274 2177 49.
307 2132 545 2174 Facultates
580 2147 852 2175 concessae...
890 2134 934 2174 P.
962 2135 1136 2187 Aegidio
1174 2137 1354 2177 Antonio
1385 2137 1570 2189 Sauvage
1603 2138 1644 2178 S.
1664 2138 1698 2178 I.

120 2204 254 2257 praef.
278 2206 392 2247 miss.
418 2204 551 2247 eiusd.
575 2205 672 2247 Ord.
696 2206 739 2246 in
774 2205 894 2257 Syria
913 2206 1004 2257 (cfr.
1033 2221 1072 2247 n.
1096 2208 1166 2259 25¹)
1186 2231 1212 2237 -
1233 2206 1279 2247 In
1302 2221 1441 2260 congr.
1465 2221 1559 2260 gen.
1584 2207 1625 2249 S.
1650 2207 1699 2250 R.

121 2278 164 2315 et
183 2272 238 2317 U.
261 2275 332 2317 I...
354 2275 395 2317 S.
419 2275 468 2317 D.
493 2275 545 2317 N.
583 2277 835 2318 concessit...
880 2277 1105 2319 facultates
1140 2278 1191 2318 ad
1222 2278 1558 2332 quadriennium.
1593 2303 1618 2309 —
1647 2278 1698 2321 G.

120 2342 243 2387 card.
267 2344 559 2399 Marescottus‚
582 2346 664 2388 Ios.
690 2346 883 2388 Bartolus
904 2353 992 2388 not.

44 2410 53 2418 ’
121 2409 161 2443 F.
181 2412 199 2442 5
216 2410 273 2443 die
292 2413 310 2445 2
328 2413 421 2453 Aug.
443 2414 539 2446 1708.

1306 2523 1393 2564 Rea.
1413 2524 1499 2556 buu.
1528 2524 1603 2557 VII.
1629 2526 1698 2559 108.

202 2628 273 2672 50.
307 2627 357 2669 A.
380 2626 424 2669 F.
445 2627 493 2669 R.
524 2627 575 2669 M.
604 2637 881 2673 Animarum
900 2633 1054 2673 saluti.
1078 2653 1099 2659 ·
1124 2627 1256 2670 Clem.
1280 2628 1356 2682 XI,
1379 2634 1545 2683 petente
1566 2630 1693 2673 Mich.

121 2697 228 2750 Ang.
252 2697 498 2740 Tamburini
519 2698 561 2741 S.
585 2699 618 2741 I.
644 2699 793 2753 Praep.
830 2698 934 2741 Gen.
972 2705 1143 2741 renovat
1178 2700 1459 2753 indulgentias
1495 2707 1538 2742 et
1570 2703 1697 2754 privi-

120 2766 231 2820 legia
250 2782 324 2821 pro
344 2768 477 2810 Indiis
506 2769 558 2811 ab
592 2770 713 2812 Alex.
754 2769 854 2811 VIII
888 2784 1104 2812 concessas
1126 2770 1178 2812 ad
1199 2772 1251 2811 20
1271 2784 1417 2812 annos.
1445 2771 1547 2823 (Cfr.
1572 2772 1693 2814 Alex.

121 2836 240 2891 VIII,
262 2853 306 2882 n.
328 2842 385 2892 4).

118 2903 225 2940 xxn
241 2904 339 2949 Sept.
362 2908 455 2941 1708.

117 3012 216 3047 Bull.
237 3013 280 3048 de
292 3026 400 3059 prop.
418 3016 491 3059 fide
507 3016 555 3050 II.
576 3018 652 3058 258,
674 3017 852 3056 Hermes,
874 3017 950 3058 III.
969 3021 1023 3053 64.
1438 3020 1586 3056 Elench.
1607 3022 1695 3057 buu.
