1989 3252
254 179 431 224 Urban.
454 178 585 222 VIII.
932 197 981 202 —
1013 173 1094 214 332
1123 195 1175 202 —
1712 170 1845 216 1630.

343 267 438 310 112.
470 263 510 306 S.
535 261 662 316 Cong.
687 260 838 303 Cardd.
864 261 1042 313 negotiis
1062 258 1317 313 regularium
1340 271 1486 312 praep.
1508 282 1534 288 —
1555 256 1781 298 Decretum
1801 256 1846 297 in

259 350 386 378 causa
415 339 606 376 vertente
627 334 738 375 inter
769 332 1002 373 confratres
1023 330 1062 372 S.
1088 330 1243 371 Luciae
1262 344 1315 372 ex
1346 343 1447 381 una,
1471 334 1515 370 et
1535 328 1849 370 communitatis
1988 290 1989 344 i

257 408 543 449 Interamnen.
563 419 612 446 ac
628 404 708 446 ΡΡ.
729 403 770 446 S.
788 403 822 445 I.
844 417 896 444 ex
917 403 1050 444 altera
1071 401 1275 455 partibus,
1299 415 1425 454 super
1445 399 1713 441 concessione
1735 399 1840 440 eccl.

259 493 334 533 per
355 477 525 520 eosdem
547 476 680 518 confr.
703 475 818 516 facta
844 473 924 515 ΡΡ.
950 472 1098 514 Praed.
1128 489 1143 515 ,ε
1179 474 1216 513 1.
1250 472 1362 513 illius
1394 470 1585 512 custodia
1615 483 1743 523 penes
1763 455 1844 511 PF]

259 555 423 592 tantum
445 551 487 591 2.
510 562 595 589 non
632 547 794 601 possint
814 545 997 599 insignia
1018 557 1230 598 apponere
1265 557 1342 584 nec
1363 544 1476 584 intra
1504 555 1581 583 nec
1601 545 1722 582 extra
1742 540 1845 582 eccl.

259 625 299 664 3.
323 620 555 663 confratres
577 618 688 660 diem
710 617 752 659 S.
772 617 926 658 Luciae
948 615 1161 657 celebrare
1182 615 1241 656 ibi
1262 615 1438 668 possint,
1455 616 1496 654 4.
1516 614 1617 654 item
1636 614 1689 653 40
1706 612 1846 664 horas,

259 690 462 744 suffragia
491 694 533 732 et
561 689 800 730 functiones
834 687 996 739 solitas,
1018 690 1058 728 5.
1084 685 1269 726 habeant
1303 699 1360 725 un
1394 683 1640 724 credenzino
1671 684 1709 724 6.
1734 681 1849 723 obla-

260 765 412 815 tiones,
434 762 725 814 eleemosynas
746 761 789 800 in
810 773 933 800 usum
955 758 1057 800 eccl.
1083 771 1164 799 non
1187 757 1351 810 collegii
1371 755 1535 797 cedant.

258 834 277 865 2
296 832 371 864 Ian.
396 832 489 864 1630.

1442 915 1530 959 Ray.
1550 913 1640 947 hall.
1663 913 1702 947 V.
1722 915 1798 948 298.
1817 913 1851 946 b.

346 1035 438 1079 113.
476 1032 734 1075 pastoralis
763 1034 974 1072 Romani.
1010 1051 1041 1059 .-
1073 1024 1235 1067 Urbani
1270 1023 1374 1065 VIII
1409 1022 1642 1064 annullatio
1677 1025 1720 1063 et
1754 1034 1851 1073 sup-

262 1105 421 1160 pressio
443 1111 693 1157 praetensae
713 1099 1048 1153 congregationis
1069 1097 1393 1138 iesuitissarum.

258 1172 309 1208 Id.
328 1172 404 1207 Ian.
427 1173 522 1206 1630.

262 1266 361 1301 Bull.
384 1266 489 1299 Rom.
1593 1252 1732 1288 Elench
1763 1253 1853 1287 buu.

344 1377 440 1420 114.
478 1381 528 1417 [η
564 1377 708 1428 apost.
743 1374 1000 1427 diffiniatis.
1026 1395 1051 1400 -
1072 1369 1232 1411 Urban.
1258 1365 1377 1417 VIII,
1400 1363 1642 1418 petentibus
1669 1361 1853 1402 Henrico

265 1449 499 1500 Augustan.
524 1445 721 1498 episcopo
757 1446 800 1483 et
820 1441 972 1494 Praep.
996 1439 1101 1481 Gen.
1127 1438 1169 1480 S.
1193 1437 1248 1489 I.,
1271 1436 1444 1477 mandat
1473 1434 1640 1477 officiali
1670 1431 1855 1487 episcopi

266 1518 484 1572 Eysteten.
512 1522 557 1558 ut
578 1530 675 1557 cum
698 1515 738 1556 d.
763 1513 804 1556 S.
830 1512 1020 1565 collegio,
1043 1525 1119 1565 per
1139 1509 1179 1551 d.
1204 1508 1438 1551 Henricum
1459 1508 1502 1548 in
1523 1520 1621 1560 opp.
1644 1504 1856 1557 Meminge

268 1591 502 1644 Augustan.
527 1588 660 1630 dioec.
686 1600 761 1640 per
794 1585 968 1627 clericos
1004 1583 1045 1624 d.
1069 1582 1112 1624 S.
1136 1581 1190 1623 ad
1210 1581 1415 1635 gremium
1451 1578 1492 1620 S.
1517 1578 1567 1620 R.
1592 1576 1643 1620 E.
1668 1575 1856 1627 reducto,

267 1666 407 1705 erecto
428 1661 550 1702 uniat
572 1658 909 1713 praeceptoriam
931 1655 979 1697 O.
1005 1655 1046 1697 S.
1071 1654 1169 1695 Ant.
1194 1652 1245 1694 de
1266 1652 1305 1694 S.
1331 1654 1427 1693 Ant.
1447 1650 1675 1700 Viennen.,
1693 1647 1804 1688 bona
1819 1651 1861 1687 et

267 1733 488 1776 ecclesiam
510 1745 677 1773 annexa
708 1744 731 1771 e
753 1727 946 1770 manibus
967 1727 1238 1779 magistratus
1272 1723 1477 1765 haeretici
1497 1723 1762 1774 recuperata.
1784 1718 1853 1759 Fr.

268 1807 345 1847 100
368 1804 464 1846 duc.
493 1820 502 1856 ;
526 1816 612 1844 una
631 1803 712 1843 vic.
738 1804 946 1855 perpetua
966 1796 1164 1852 erigenda
1184 1809 1280 1837 cum
1302 1794 1469 1836 redditu
1495 1795 1571 1835 100
1594 1792 1688 1833 duc.

267 1872 309 1907 R.
328 1883 384 1914 ap.
407 1871 441 1904 S.
465 1871 513 1905 M.
533 1870 582 1905 M.
602 1869 652 1904 IV
669 1868 744 1903 kal.
765 1867 849 1901 Feb.
871 1868 955 1902 1630
973 1865 1014 1899 Ρ.
1034 1875 1093 1899 an.
1115 1864 1190 1898 VH.

1508 1969 1592 2011 Rey.
1612 1966 1701 2001 bun.
1724 1965 1782 2000 VI.
1807 1967 1856 1999 14.

350 2093 444 2136 115.
479 2093 665 2145 Empom'
697 2090 827 2131 nobis
859 2100 1021 2141 nuper.
1055 2108 1081 2114 -
1118 2081 1279 2124 Urban.
1312 2078 1433 2130 VIII,
1465 2080 1633 2131 petente
1667 2075 1765 2116 Ant.
1804 2073 1856 2114 de

267 2163 426 2215 Leyva,
463 2159 637 2202 mandat
670 2158 988 2210 archiepiscopo
1023 2153 1280 2196 Ulixbonen.
1314 2164 1387 2192 seu
1424 2150 1515 2191 eius
1549 2149 1627 2188 vic.
1665 2160 1760 2200 gen.
1793 2150 1855 2196 ut,
1924 2187 1927 2190 Α

267 2232 491 2276 attendens
511 2231 565 2273 ad
585 2235 682 2272 test.
705 2229 853 2271 Aloisii
874 2228 926 2269 de
942 2226 1113 2268 Ribeiro
1130 2230 1173 2266 et
1193 2223 1245 2265 de
1262 2223 1404 2275 Leyva
1423 2220 1565 2274 quoin
1582 2217 1852 2259 Colimbrien.

265 2306 331 2348 vel
367 2306 409 2346 in
445 2303 486 2345 S.
528 2302 702 2343 Antonii
737 2300 997 2342 Ulixbonen.
1037 2297 1306 2349 collegiorum
1343 2293 1384 2334 S.
1422 2291 1456 2333 I.
1494 2290 1681 2332 ecclesiis
1727 2301 1854 2328 unam

265 2376 473 2431 capellam
496 2374 681 2415 construi
703 2372 851 2423 voluit,
875 2374 1023 2412 neutra
1054 2368 1155 2409 eccl.
1189 2369 1446 2415 constructa,
1469 2363 1510 2404 d.
1544 2359 1782 2414 cappellam
1812 2359 1855 2399 in

266 2450 371 2492 eccl.
396 2449 544 2490 domus
565 2447 606 2489 S.
631 2444 764 2487 Rochi
786 2442 972 2485 construi
993 2441 1135 2482 faciat.

264 2517 310 2551 R.
329 2528 387 2558 ap.
410 2515 446 2550 S.
466 2515 516 2549 M.
536 2514 585 2548 M.
607 2513 637 2545 V
656 2511 743 2546 Feb.
765 2513 849 2545 1630
868 2509 908 2543 Ρ.
931 2519 989 2542 an.
1015 2507 1090 2541 vll.

1504 2595 1590 2637 Rey.
1610 2592 1697 2626 buzl.
1721 2590 1760 2624 V.
1780 2592 1856 2624 299.

347 2721 443 2764 llss.
468 2717 510 2758 S.
530 2717 702 2757 Rituum
724 2714 872 2765 Congr.
898 2737 923 2742 -
945 2711 1169 2751 Decretum
1193 2707 1244 2748 de
1265 2707 1400 2747 forma
1419 2701 1604 2756 erigendi
1625 2705 1791 2742 sanctos
1812 2699 1855 2738 in

263 2795 477 2845 patronos,
502 2788 574 2829 ubi
595 2787 724 2828 etiam
745 2785 796 2826 de
817 2783 1025 2825 electione
1055 2781 1095 2822 S'.
1121 2778 1274 2833 Ignatii
1296 2778 1339 2818 in
1360 2780 1583 2830 patronum
1605 2773 1683 2814 ciV.
1708 2770 1854 2812 Mono-

263 2862 494 2917 politanae.

260 2931 302 2964 23
320 2928 427 2962 Mart.
450 2930 545 2962 1630.

1595 3004 1745 3038 Elench.
1764 3001 1841 3036 bull
1847 3029 1850 3033 .
