1989 3252
89 171 265 216 Urban.
285 171 416 216 VIII.
702 225 706 230 Ι
754 195 808 200 -
836 171 912 211 341
948 196 997 201 —-
1537 171 1667 217 1634.

86 257 280 311 capitulis
306 257 409 298 eccl.
435 256 650 298 Indiarum
671 256 812 298 Occid.
836 258 1029 299 concedit
1048 258 1296 300 facultatem
1318 258 1588 311 promovendi
1609 258 1663 300 ad

88 328 240 384 gradus
260 332 465 383 quotquot
484 329 603 370 annis
623 329 809 382 quinque
829 329 1066 371 studuerint
1087 331 1130 371 in
1159 330 1253 372 coll.
1277 330 1465 371 formatis
1485 344 1547 383 pr.
1568 329 1610 372 S.
1629 329 1664 372 I.

89 401 321 442 insularum
342 400 694 453 philippium-um,
713 414 762 442 ac
784 401 834 441 de
856 399 990 453 Chile,
1016 401 1250 454 Tucuman,
1268 400 1384 442 fluvii
1406 400 1457 442 de
1477 401 1599 443 Plata
1622 405 1665 442 et

92 472 199 513 Novi
231 470 361 523 Regni
383 471 608 512 Granaten.
635 470 896 525 aliarumque
919 473 1119 524 partium,
1152 485 1259 525 quae
1296 473 1374 512 200
1411 471 1581 512 milliar.
1613 471 1666 512 ab

92 541 431 583 universitatibus
452 541 623 582 distant.
648 541 713 582 Ad
735 542 998 583 decennium.

92 609 133 643 R.
151 619 208 652 ap.
229 608 266 642 S.
287 608 327 642 P.
349 607 472 643 XXIX
489 607 597 642 Mart.
618 609 702 642 1634
722 608 763 644 Ρ.
783 619 840 642 an.
862 609 924 644 XI.

1313 685 1398 728 Rey.
1417 684 1509 719 bull.
1536 684 1596 720 VI.
1615 686 1669 719 52.

176 796 275 839 155.
309 794 357 836 A.
382 793 428 836 F.
462 793 511 835 R.
545 793 602 834 M.
631 799 736 836 Cum
757 799 872 836 sicut
893 802 1166 850 accepemus.
1190 818 1216 824 -
1236 793 1396 836 Urban.
1422 793 1524 835 VIII
1551 794 1670 836 Ordi-

94 865 222 906 nariis
242 865 286 905 in
305 864 438 905 Indiis
459 863 602 905 Occid.
622 868 679 915 et,
703 863 775 903 ubi
791 877 873 904 non
895 862 1062 915 adsunt,
1085 865 1336 916 praepositis
1355 868 1396 905 et
1416 863 1669 917 presbyteris

95 935 136 978 S.
154 935 174 976 Ι
208 935 261 977 ad
277 935 525 976 decennium
542 934 765 975 facultates
782 934 973 975 concedit
994 934 1131 987 quoad
1152 936 1419 976 matrimonia
1438 940 1479 976 et
1500 936 1668 976 restitu-

94 1008 252 1049 tionem
273 1021 298 1048 a
318 1007 541 1059 neophytis
562 1006 732 1047 incertis
754 1006 938 1058 personis
960 1005 1213 1047 faciendam.

95 1074 138 1107 R.
158 1084 214 1116 ap.
236 1073 271 1107 S.
292 1074 332 1108 P.
354 1074 384 1107 V
402 1074 486 1115 Apr.
510 1076 594 1107 1634
613 1072 654 1105 P.
674 1083 734 1106 an.
754 1071 815 1106 XI.

94 1149 194 1184 Buzc.
215 1150 260 1183 de
273 1160 428 1193 propay.
448 1149 523 1192 fide
538 1150 567 1189 I,
588 1151 662 1183 160.
1277 1148 1365 1191 Rey.
1384 1148 1472 1181 bull.
1500 1148 1557 1182 VI.
1579 1152 1618 1182 52
1639 1152 1670 1182 b.

179 1262 278 1305 156.
314 1260 363 1300 A.
385 1258 432 1301 F.
456 1258 505 1300 R.
530 1258 585 1299 M.
615 1264 666 1301 Ut
686 1260 1029 1301 necessitatibus
1049 1261 1357 1301 ecclesz'armn.
1383 1282 1408 1286 -
1428 1256 1531 1298 Urb.
1554 1256 1669 1307 VIII,

94 1334 262 1384 petente
283 1329 438 1370 Alonso
461 1329 615 1370 Messia
645 1328 685 1370 S.
712 1329 746 1369 I.
770 1329 813 1368 in
834 1327 1024 1369 Peruano
1055 1333 1095 1368 et
1116 1326 1278 1368 Chilen.
1303 1326 1395 1368 Ind.
1421 1328 1557 1380 regnis
1578 1341 1672 1380 pro-

96 1409 289 1442 curatore
323 1399 525 1453 generah,
561 1399 817 1452 presbyteris
857 1398 896 1439 d.
940 1397 980 1438 S.
1020 1399 1062 1438 in
1098 1397 1137 1438 d.
1176 1397 1381 1451 partibus,
1418 1403 1465 1438 ut
1500 1398 1673 1439 licentia

97 1470 308 1512 Ordinarii
328 1470 566 1520 accedente,
590 1474 837 1522 paramenta
872 1474 911 1509 et
933 1473 1181 1510 ornamenta
1211 1468 1314 1510 eccl.
1339 1469 1525 1521 exceptis
1553 1469 1605 1509 iis
1634 1469 1677 1508 in

98 1542 249 1596 quibus
265 1542 451 1583 s.unctio
468 1540 707 1593 adhibetur,
718 1539 965 1582 benedicere
982 1540 1141 1592 possint
1156 1539 1354 1592 indulget.
1377 1539 1441 1580 Ad
1460 1541 1509 1580 15
1526 1553 1672 1581 annos.

98 1608 139 1642 R.
159 1619 217 1651 ap.
237 1607 273 1642 S.
294 1608 334 1642 P.
354 1608 388 1642 X
406 1608 493 1650 Apr.
515 1610 600 1643 1634
619 1607 659 1640 P.
680 1617 740 1642 an.
760 1607 825 1641 XI.

1321 1683 1407 1725 Ray.
1427 1682 1514 1716 bula.
1543 1682 1600 1717 VI.
1621 1684 1675 1717 53.

181 1797 281 1841 157.
316 1798 387 1839 Ad
406 1799 667 1852 augyendam
687 1797 908 1849 ftdclc'mn.
931 1819 956 1823 -
978 1792 1138 1834 Urban.
1161 1791 1265 1833 VIII
1287 1792 1443 1845 indulg.
1463 1805 1673 1833 commun.

97 1879 235 1920 gener.
260 1865 473 1907 mensibus
494 1867 599 1919 sing.
622 1865 827 1907 concedit.
852 1864 916 1905 Ad
941 1866 990 1906 15
1012 1877 1158 1905 annos.
1183 1862 1284 1915 (Cfr.
1309 1876 1351 1904 n.
1376 1864 1465 1914 93.)

95 1932 134 1967 111
153 1943 235 1971 arce
252 1931 461 1975 Gandulphi
479 1932 656 1966 Albanen.
675 1932 789 1965 dioec.
811 1930 844 1964 X
865 1931 949 1963 Maii
970 1933 1056 1965 1634
1079 1930 1116 1963 Ρ.
1138 1940 1196 1962 an.
1217 1929 1279 1963 XI.

1285 2038 1372 2080 Rey.
1393 2038 1480 2072 hall.
1503 2037 1562 2073 VJ.
1580 2040 1620 2072 37
1640 2038 1675 2073 b.

177 2154 276 2196 158.
310 2150 350 2192 S.
385 2151 532 2204 Congr.
564 2148 688 2191 Conc.
714 2175 739 2180 -
770 2149 992 2191 Decretum
1029 2149 1071 2189 in
1112 2148 1409 2201 Agrigentana‚
1444 2147 1674 2188 Electionis

93 2223 409 2274 conservatoris,
433 2235 514 2275 quo
551 2226 723 2262 cavetur
744 2221 895 2262 debere
917 2221 1086 2261 omnino
1106 2225 1245 2273 patres
1275 2218 1316 2261 S.
1341 2218 1376 2261 Ι.
1400 2219 1554 2272 eligere
1576 2232 1675 2260 con-

95 2299 348 2335 servatorem
363 2294 484 2334 iuxta
494 2293 672 2334 formam
689 2292 866 2334 Constit.
885 2292 1007 2346 Greg.
1027 2291 1119 2333 XV.
1138 2290 1256 2340 Quod
1268 2291 1352 2331 siin
1372 2290 1523 2332 civ.vel
1540 2289 1671 2331 dioec.

94 2364 200 2406 nulli
232 2365 316 2406 sint
336 2364 498 2405 iudices
534 2363 754 2417 synodales
785 2365 828 2404 in
864 2362 1112 2417 provinciali
1136 2363 1199 2403 vel
1231 2362 1480 2403 dioecesana
1512 2359 1669 2413 synodo

97 2436 327 2486 constituti,
338 2435 466 2477 licere
482 2435 742 2488 regularibus
754 2434 831 2475 sibi
849 2435 890 2475 in
908 2437 1222 2475 conservatores
1239 2432 1440 2485 deputare
1456 2444 1672 2485 personaS,

97 2520 205 2560 quae
222 2506 444 2560 qualitates
460 2506 638 2547 fortasse
659 2519 742 2546 non
762 2505 947 2546 habeant
967 2518 992 2544 a
1008 2516 1093 2544 sac.
1114 2503 1345 2544 canonibus
1365 2502 1431 2544 vel
1445 2502 1672 2555 privilegiis

96 2582 231 2630 apost.
254 2577 492 2631 requisitas,
511 2576 611 2617 dum
631 2582 772 2617 tamen
793 2577 835 2616 in
851 2575 1024 2628 reliquis
1041 2574 1262 2615 observent
1276 2573 1453 2615 formam
1470 2572 1510 2614 d.
1529 2572 1670 2614 Const.

96 2647 218 2701 Greg.
241 2647 330 2689 XV.
354 2647 503 2702 Itaque
536 2647 799 2689 scribendam
835 2647 1030 2699 episcopo
1064 2645 1324 2698 Agrigentin.
1349 2643 1458 2699 quod
1493 2643 1674 2685 electum

96 2719 140 2759 in
158 2723 492 2760 conservatorem
521 2719 699 2771 recipiat
719 2722 760 2759 et
780 2717 832 2758 de
861 2717 1100 2770 receptione
1122 2715 1232 2756 infra
1253 2717 1279 2757 2
1301 2728 1464 2756 menses
1484 2713 1675 2757 eamdem

95 2783 244 2838 Congr.
267 2783 454 2826 edoceat.
477 2783 597 2833 Quod
619 2785 654 2824 si
677 2784 766 2837 ipse
800 2783 878 2824 hoc
912 2782 1051 2823 facere
1082 2780 1292 2822 distulerit
1326 2781 1391 2822 vel
1422 2780 1672 2833 neglexerit,

93 2856 155 2897 ita
174 2856 354 2897 electum
375 2868 450 2909 pro
470 2859 640 2908 recepto
661 2860 704 2896 et
724 2854 932 2907 descripto
954 2853 1124 2895 omnino
1147 2853 1335 2905 recipere
1357 2851 1525 2893 debeat.

97 2924 139 2957 27
155 2921 245 2956 Maii
263 2923 359 2956 1634.

1415 2987 1567 3023 Elench.
1588 2986 1682 3022 bull.
