1989 3252
114 262 276 306 Innoc.
300 260 412 303 XII.
785 279 835 284 κ-
866 257 947 295 423
977 280 1030 285 ψ-
1561 256 1691 299 1698.

195 348 265 391 47.
300 345 341 387 S.
365 343 512 398 Congr.
536 343 588 385 de
609 357 725 397 prop.
749 342 832 384 fide
852 367 877 373 -
899 342 1123 384 Decretum
1150 358 1157 383 :
1182 342 1229 384 P.
1249 341 1446 383 Carolum
1468 340 1520 382 de
1541 340 1693 382 Breve-

114 416 216 458 dent
245 415 431 457 declarat
465 414 776 455 missionarium
811 417 944 466 apost.
983 413 1026 453 in
1060 412 1326 466 Aethiopiae,
1349 411 1426 453 sub
1462 411 1693 453 directione

113 491 254 529 tamen
274 490 316 528 et
336 484 617 539 dependentia
631 483 678 525 P.
698 483 867 525 Ioannis
888 483 1090 525 Verzeau.
1109 508 1164 513 —-
1179 483 1470 525 Pariformiter
1491 482 1692 524 declarati

113 558 193 599 ΡΡ.
218 557 263 598 P.
288 556 438 609 Bodin‚
462 556 538 597 Ph.
562 555 612 596 de
632 555 922 605 Poislevache,
945 554 1043 596 Ant.
1063 553 1253 606 Grenier,
1272 553 1350 595 Th.
1371 554 1623 595 Bonamour.

108 626 150 658 24
167 624 274 657 Mart.
294 624 390 658 1697.

1312 762 1397 803 Req.
1417 761 1507 794 bull.
1536 760 1615 795 VII.
1636 764 1690 794 54.

188 927 259 970 48.
292 922 532 965 Facultates
559 934 781 963 concessae
809 934 835 961 a
865 920 906 961 S.
935 920 984 961 D.
1018 918 1071 960 N.
1097 918 1146 960 D.
1178 918 1423 959 Innocentio
1453 916 1535 958 XII
1565 917 1680 958 Patri

108 995 256 1038 Ioanni
277 994 462 1035 Verzeau
495 993 537 1035 S.
561 992 595 1035 Ι.
620 992 882 1033 missionario
918 995 1053 1044 apost.
1079 991 1123 1030 in
1157 1003 1283 1042 regno
1303 989 1568 1041 Aethiopiae.
1591 1013 1616 1019 —
1636 988 1686 1030 In

107 1080 245 1120 congr.
268 1079 362 1119 gen.
387 1065 430 1107 S.
452 1064 502 1107 R.
528 1071 572 1106 et
593 1062 646 1105 U.
668 1062 776 1104 Ι...
802 1062 844 1103 S.
869 1062 918 1104 D.
944 1061 997 1103 N.
1038 1061 1187 1114 Papa..
1225 1061 1479 1102 concessit...
1505 1060 1557 1101 ad
1593 1074 1683 1113 sep-

105 1138 295 1180 tennium
330 1150 424 1178 cum
459 1140 665 1189 potestate
701 1133 868 1175 easdem
903 1131 1294 1174 communicandi...
1332 1131 1414 1173 ΡΡ.
1451 1129 1599 1172 Carolo
1633 1131 1685 1173 de

104 1207 353 1259 Brevedcnt‚
376 1206 507 1248 Paulo
544 1205 693 1255 Bodin,
717 1204 910 1258 Philippo
932 1204 982 1245 de
1003 1203 1290 1254 Poislevache‚
1314 1203 1414 1243 Ant.
1437 1202 1612 1243 Grenier
1641 1207 1685 1243 et

105 1278 307 1332 Teophilo
330 1279 569 1320 Bonamour
588 1275 776 1318 eiusdem
797 1274 839 1317 S.
859 1276 945 1316 suis
965 1275 1140 1316 sociis...
1161 1298 1185 1303 —-
1208 1274 1257 1314 A.
1278 1273 1358 1326 Ep.
1378 1273 1538 1314 Ostien.
1557 1272 1682 1315 Card.

104 1349 234 1403 Gybo.
258 1350 292 1392 I.
317 1350 545 1391 Bartolus..
570 1349 771 1390 notarius.

103 1417 144 1451 F.
164 1420 184 1451 5
200 1417 259 1451 die
276 1419 317 1452 28
336 1416 456 1450 Martii
477 1418 573 1451 1697.

1308 1554 1392 1595 Res).
1413 1554 1501 1587 bun.
1530 1551 1608 1587 VII.
1627 1555 1682 1587 49.

183 1704 258 1747 49.
291 1701 418 1753 Cong.
443 1713 526 1741 sac.
550 1700 620 1740 rit.
643 1723 669 1729 -
690 1697 867 1751 Hispan.
892 1696 941 1737 In
971 1697 1049 1737 hac
1071 1696 1312 1737 assistentia
1339 1692 1581 1735 conceditur
1607 1690 1678 1734 off.

102 1778 186 1815 vot.
209 1771 250 1814 S.
273 1771 343 1813 Fr.
366 1771 550 1812 Xaverii.

101 1841 141 1873 30
158 1840 264 1874 Mart.
286 1841 382 1873 1697.

100 1991 170 2023 An.
188 1991 265 2024 Iur.
286 1991 394 2023 Pom.
424 1989 526 2029 VIII,
544 1991 641 2023 2628.
1419 1983 1570 2020 Elenclz.
1589 1983 1676 2016 bull.

181 2150 253 2193 50.
286 2147 524 2188 Facultates
545 2159 834 2187 concessae...
862 2144 1055 2196 Philippo
1083 2142 1247 2195 Regaus
1270 2142 1313 2183 S.
1337 2141 1371 2182 Ι.
1396 2140 1534 2182 Praef.
1559 2141 1673 2184 miss.

99 2220 142 2260 in
163 2219 388 2272 provinciis
411 2218 543 2269 Belgii
564 2217 801 2258 foederatis.
828 2215 930 2267 (Cfr.
954 2214 1048 2256 Inn.
1072 2213 1154 2255 XII
1175 2227 1215 2254 n.
1244 2213 1324 2266 19).

98 2286 139 2320 F.
158 2289 178 2319 5
194 2285 250 2319 die
267 2288 309 2320 27
327 2285 430 2318 Febr.
455 2287 547 2318 1698,

96 2427 277 2460 Formula
295 2428 375 2459 ira-8
393 2428 491 2469 typis
507 2435 605 2458 cusa.
1255 2421 1342 2462 Rey.
1362 2418 1452 2452 bule.
1481 2419 1558 2453 VII.
1579 2421 1618 2453 54
1639 2418 1671 2451 b.

176 2582 248 2624 51.
281 2578 321 2619 S.
345 2575 493 2629 Congr.
518 2576 569 2617 de
590 2589 707 2629 prop.
731 2575 827 2615 fide.
848 2599 872 2606 —
890 2574 1114 2615 Decretum
1135 2589 1142 2613 :
1167 2571 1404 2625 praefectus
1424 2569 1670 2611 missionum

94 2651 174 2692 ΡΡ.
195 2650 236 2691 S.
259 2649 294 2690 Ι.
319 2650 360 2689 in
387 2649 575 2688 America
596 2646 857 2688 meridionali
880 2645 1117 2686 declaratur
1132 2643 1184 2684 ad
1206 2642 1470 2696 septennium
1488 2640 1534 2682 P.
1554 2639 1670 2681 Iaco-

94 2722 171 2763 bus
187 2721 287 2762 Gom
296 2719 419 2760 bauld
439 2733 532 2759 cum
551 2722 757 2771 potestate
773 2731 822 2757 ea
843 2730 950 2770 quae
965 2716 1017 2757 ad
1034 2716 1217 2768 regimen
1233 2712 1442 2754 missionis
1459 2712 1671 2765 pertinent

93 2792 146 2835 ad
166 2791 469 2845 praescriptum
490 2789 752 2830 decretorum
769 2787 809 2829 S.
830 2786 978 2839 Congr.
997 2791 1037 2827 et
1057 2785 1306 2827 facultatum
1322 2785 1361 2825 ei
1377 2795 1668 2824 concessarum

92 2861 346 2905 exercendi..
369 2885 395 2890 -
414 2860 536 2901 Card.
561 2859 795 2909 Bullionus,
819 2858 865 2900 C.
889 2858 940 2898 A.
958 2857 990 2898 F
992 2856 1172 2898 abronus
1192 2869 1296 2898 secr.

91 2931 112 2963 7
128 2928 211 2964 Iulii
230 2930 324 2963 1698.

1295 3062 1381 3105 Rey.
1401 3061 1488 3094 bun.
1513 3058 1594 3094 VII.
1615 3063 1667 3094 56.
