1989 3252
275 225 419 268 Clem.
440 224 501 268 X.
961 249 1009 254 —
1041 227 1121 265 394
1151 248 1204 254 -
1736 227 1869 271 1672.

275 310 486 363 Synarum
507 314 555 351 ut
577 323 703 363 super
723 310 840 352 Eccl.
868 313 1104 366 praeceptis
1125 311 1264 366 quoad
1285 312 1459 365 ieiunia,
1484 311 1609 364 festa,
1633 325 1870 353 sacramen-

276 381 405 422 talem
427 381 734 423 confessionem
756 387 799 424 et
822 396 973 425 comm.
998 383 1240 437 dispensare
1260 383 1444 436 valeant,
1468 383 1521 424 ad
1544 384 1595 425 12
1615 396 1745 424 annos
1769 396 1868 424 con-

273 451 400 561 1ἓῖ11ξῖ
422 517 458 552 S.
480 517 529 551 Μ.
550 518 599 552 M.
622 517 705 552 VIII
720 517 787 552 Iul.
811 519 895 552 1672
913 519 953 552 Ρ.
973 528 1031 552 an.
1052 518 1114 553 III.

1490 628 1579 672 Rey.
1600 628 1688 661 bun.
1713 628 1773 662 VI.
1794 631 1869 663 214,

359 738 432 782 33.
465 737 516 776 A.
541 735 586 776 F.
619 735 669 776 R.
704 734 761 776 M.
798 738 930 778 Alias
949 738 1009 791 fe.
1037 751 1098 779 re.
1126 738 1407 779 Alexander.
1431 760 1457 766 —
1486 735 1617 777 Clem.
1644 734 1683 776 X
1704 739 1874 789 petente

276 806 435 848 Ioanne
469 805 600 847 Paulo
636 805 757 847 Oliva
785 805 935 859 Praep.
961 805 1068 848 Gen.
1092 805 1133 848 S.
1167 806 1202 847 I.
1235 807 1456 847 confirmat
1485 820 1657 848 censum
1693 820 1747 848 ex
1782 807 1867 848 litt.

279 878 399 920 Alex.
424 877 522 929 VII,
548 879 599 919 12
624 876 746 918 Mart.
774 878 896 929 1657,
920 891 994 931 pro
1023 877 1199 920 emendo
1219 878 1473 919 monasterio
1494 877 1682 919 Venetiis
1703 878 1874 931 imposi-

278 953 368 990 tum
389 962 515 1002 super
534 952 729 990 tenutam
750 948 802 989 de
825 948 1008 1001 Pagnolo
1030 962 1156 990 1111116.
1175 949 1218 989 111
1233 948 1390 990 ducatu
1411 948 1672 990 Ferrariensi
1698 948 1753 990 ad
1774 949 1869 991 coll.

278 1020 549 1062 Ferrariense
583 1019 623 1061 S.
660 1019 694 1062 Ι.
736 1024 953 1073 spectante
988 1025 1030 1061 et
1064 1033 1116 1061 ex
1151 1019 1413 1062 haereditate
1446 1019 1598 1061 Felicis
1635 1019 1873 1062 Saxatellae

280 1092 472 1133 ducissae
494 1092 782 1145 proveniente.

276 1158 322 1193 R.
342 1169 398 1201 ap.
422 1157 458 1193 S.
479 1158 527 1193 M.
547 1158 597 1193 M.
617 1157 742 1193 XXIII
760 1158 827 1193 Iul.
851 1160 935 1192 1672
954 1157 995 1192 Ρ.
1020 1168 1078 1191 an.
1098 1157 1158 1193 ΙΙΙ.

1454 1269 1543 1313 Rey.
1563 1268 1652 1303 hall.
1676 1268 1737 1303 VI.
1757 1271 1821 1304 214
1839 1269 1875 1303 b.

363 1381 436 1424 34.
468 1376 519 1418 A.
544 1377 592 1419 Ρ.
631 1376 681 1418 R.
707 1376 764 1418 M.
790 1384 950 1434 Nuper
971 1392 1056 1434 pro
1075 1383 1223 1434 parte.
1248 1402 1273 1407 -
1302 1376 1432 1418 Clem.
1465 1375 1520 1428 X,
1543 1381 1714 1430 petente
1745 1377 1870 1431 Alph.

283 1447 334 1489 de
357 1448 532 1489 Alarcos
554 1447 672 1490 Proc.
700 1461 795 1501 gen.
818 1462 934 1502 prov.
956 1447 1077 1502 Hisp.
1097 1453 1140 1489 et
1166 1447 1324 1489 Indiar.
1345 1447 1386 1490 S.
1406 1447 1461 1500 I.,
1480 1447 1695 1489 decretum
1731 1462 1872 1502 congr.

282 1520 462 1572 negotiis
493 1520 785 1573 episcoporum
816 1524 860 1560 et
879 1519 1010 1572 regul.
1037 1520 1316 1573 praepositae,
1341 1521 1364 1559 6
1395 1520 1497 1560 maii
1529 1520 1650 1572 1672,
1674 1520 1725 1562 de
1755 1520 1876 1562 fune-

282 1590 399 1631 ribus
420 1591 463 1631 in
485 1590 674 1632 ecclesiis
696 1590 737 1632 S.
762 1589 817 1643 I.,
841 1591 1095 1632 auctoritate
1116 1595 1250 1644 apost.
1274 1589 1509 1633 confirmat.

281 1657 325 1691 R.
347 1668 405 1699 ap.
427 1657 462 1690 S.
485 1657 532 1691 M.
555 1657 604 1691 M.
624 1657 675 1692 III
692 1658 785 1699 Aug.
808 1659 892 1692 1672
911 1657 953 1691 Ρ.
972 1668 1031 1690 an.
1051 1657 1112 1692 ΙΙΙ.

280 1767 376 1801 Νου.
397 1767 487 1801 ὂιιίἷ.
506 1767 540 1801 S.
560 1767 590 1801 I.
614 1769 687 1802 196.
1616 1766 1768 1800 Elench.
1787 1767 1874 1800 bull.

366 1877 438 1922 35.
475 1860 658 1933 Emponi'
677 1878 808 1920 nobis
828 1891 992 1933 nuper.
1012 1900 1037 1905 -
1054 1875 1185 1917 Clem.
1207 1874 1260 1926 X,
1279 1879 1449 1928 petente
1469 1879 1573 1916 rect.
1593 1874 1691 1916 coll.
1714 1874 1876 1916 Faven-

283 1947 362 1988 tin.
405 1946 447 1988 S.
489 1946 544 1998 L,
586 1946 761 1988 mandat
799 1948 996 2000 episcopo
1037 1946 1257 1988 Faventin.
1301 1950 1349 1987 ut
1388 1946 1591 1988 concedat
1629 1946 1878 1987 facultatem

284 2017 480 2071 capiendi
515 2019 623 2059 2400
645 2032 702 2059 sc.
729 2017 783 2059 ad
814 2031 986 2059 censum
1021 2031 1147 2071 super
1167 2017 1286 2058 bonis
1323 2017 1489 2070 collegii
1511 2030 1586 2070 pro
1622 2017 1878 2059 extinctione

284 2102 503 2140 censuum,
525 2088 580 2130 ad
610 2090 816 2131 rationem
852 2089 1014 2130 fructus
1035 2089 1060 2128 7
1097 2093 1139 2130 61
1172 2092 1197 2131 5
1219 2103 1277 2130 56.
1300 2102 1375 2142 pro
1411 2089 1653 2130 centenario
1689 2087 1878 2142 quolibet

285 2159 595 2211 impositorum.

286 2225 328 2260 R.
347 2236 405 2268 ap.
426 2225 462 2259 S.
483 2225 531 2259 M.
553 2226 601 2260 M.
621 2225 747 2261 XXVI
765 2226 865 2268 Sept.
886 2228 969 2261 1672
990 2225 1029 2260 Ρ.
1045 2236 1105 2259 an.
1123 2225 1184 2260 111.

1462 2336 1546 2378 Ray.
1567 2336 1654 2369 buu.
1683 2335 1742 2367 VI.
1762 2336 1827 2370 217
1847 2336 1878 2368 b.

371 2446 443 2490 36.
478 2444 529 2486 A.
569 2444 614 2485 P.
654 2443 703 2485 R.
744 2443 801 2485 M.
843 2450 951 2488 Cum
979 2449 1096 2488 sicul
1125 2449 1403 2500 accepimus.
1428 2468 1454 2474 -
1491 2443 1623 2485 Clem.
1661 2441 1700 2483 X
1734 2438 1884 2484 statuit

288 2516 416 2556 etiam
438 2515 714 2567 convictores,
734 2515 807 2568 qui
828 2519 996 2567 praeter
1017 2514 1210 2556 alumnos
1230 2515 1274 2555 in
1296 2514 1392 2556 coll.
1412 2514 1659 2556 Germanico
1675 2519 1719 2556 et
1739 2513 1878 2567 Hung.

288 2586 339 2628 de
360 2585 476 2628 Urbe
512 2587 792 2639 recipiuntur,
816 2587 1100 2627 iuramentum
1135 2590 1351 2640 praestare
1372 2586 1524 2627 debere
1545 2585 1657 2640 quod
1677 2585 1882 2628 absolutis

290 2657 440 2698 studiis
460 2657 514 2698 ab
536 2656 654 2698 Urbe
675 2658 819 2698 statim
842 2656 1068 2698 discessuri
1089 2662 1131 2698 et
1151 2659 1194 2698 in
1215 2657 1486 2699 Germaniam
1506 2657 1714 2698 reversuri
1734 2657 1833 2698 sint.

290 2724 331 2758 R.
351 2735 410 2766 ap.
432 2723 468 2758 S.
489 2724 539 2758 M.
559 2724 609 2758 M.
630 2723 699 2757 XV
717 2723 799 2758 Oct.
821 2726 904 2758 1672
924 2723 1127 2758 P.an.111.

295 2845 393 2879 Ball.
417 2845 520 2879 Rom.

377 2973 449 3017 37.
486 2972 728 3014 Facultates
750 2986 974 3014 concessae
991 2986 1016 3014 a
1033 2972 1104 3014 SS.
1126 2972 1176 3013 D.
1198 2972 1251 3012 N.
1273 2970 1492 3013 Clemente
1510 2970 1588 3012 ΡΡ.
1602 2970 1652 3011 X.
1674 2970 1884 3012 P.Iacobo

295 3041 404 3084 Phil.
430 3042 481 3084 de
503 3042 633 3084 Novis
656 3043 697 3085 S.
723 3043 758 3085 I.
783 3044 915 3098 praef.
941 3044 1188 3086 missionum
1209 3042 1348 3084 eiusd.
1372 3041 1414 3084 S.
1438 3043 1479 3083 in
1500 3042 1726 3097 provinciis
1752 3040 1885 3094 Belgii
