1989 3252
249 206 386 260 Grcg.
406 205 507 249 XV.
921 225 977 232 -—
1006 203 1085 242 300
1116 225 1170 232 —
1705 200 1834 245 1622.

331 293 403 338 36.
439 298 675 335 Romanus
702 293 928 347 pontifeoe.
952 314 978 319 —
1007 288 1127 342 Greg.
1161 288 1252 342 XV,
1282 287 1523 342 petentibus
1545 287 1692 340 Praep.
1730 285 1836 328 Gen.

250 367 293 405 et
327 361 466 416 presb.
499 367 541 403 et
575 366 675 404 rect.
709 376 760 403 ac
794 360 1085 414 collegialibus
1120 360 1217 402 coll.
1241 360 1282 402 S.
1306 360 1341 402 I.
1368 358 1640 402 Colimbrien.
1665 371 1719 398 ex
1753 371 1835 411 quo

248 438 451 487 tanquam
469 433 650 475 secundo
667 433 708 475 d.
723 433 763 476 S.
777 434 1003 474 seminario
1019 432 1290 486 quamplures
1306 432 1350 472 in
1365 430 1598 482 Indiarum‚
1612 428 1835 482 Iaponum,

250 504 479 546 Chinarum
510 508 551 545 et
586 504 838 557 Aethiopiae
873 517 1000 556 regna
1035 503 1233 544 destinati
1266 502 1453 553 fuerunt,
1475 499 1650 542 mandat
1671 498 1837 541 officiali

251 575 523 618 Colimbrien.
546 579 595 616 ut
615 589 710 616 cum
745 575 785 617 d.
810 575 984 628 collegio
1005 574 1126 615 uniat
1159 573 1200 615 S.
1225 574 1340 615 Petri
1373 572 1474 614 Fins
1495 585 1639 623 nunc.‚
1662 570 1689 612 S
1728 569 1838 611 Tissi

250 646 303 688 de
336 646 550 699 Parmos,
579 646 620 689 S.
645 646 840 688 Mametis
871 646 922 687 de
957 645 1224 697 Villamaior,
1253 644 1293 687 S.
1326 644 1506 697 Olayrae
1540 643 1607 684 vel
1642 641 1838 683 Eulaliae

250 718 301 759 de
336 717 420 760 San
454 717 617 770 Guedo,
641 718 680 760 S.
706 718 899 759 Andreae
925 717 975 759 de
998 717 1246 770 Sementita‚
1271 716 1310 758 S.
1336 715 1481 757 Crucis
1517 714 1569 756 de
1602 713 1840 765 Alvarenga

249 790 437 831 locorum
475 788 617 830 Visen.
650 787 933 842 Portugallen.
966 787 1237 829 Colimbrien.
1273 792 1315 829 et
1348 786 1575 827 Lamacen.
1608 784 1839 838 respective

249 861 505 902 dioecesium
540 860 805 914 parochiales
839 859 1054 911 ecclesias,
1087 859 1272 900 fundatis
1305 858 1475 899 vivariis
1509 856 1725 910 perpetuis
1764 868 1839 908 pro

248 945 351 972 cura
370 931 623 972 animarum.

250 997 291 1031 R.
311 1007 369 1040 ap.
391 996 428 1031 S.
447 997 496 1031 Μ.
516 997 565 1031 Μ.
585 996 673 1031 XIII
690 995 763 1030 kal.
785 995 886 1038 Sept.
907 997 992 1030 1622
1009 995 1050 1029 Ρ.
1070 1005 1129 1027 an.
1152 993 1195 1028 11.

1497 1113 1587 1155 Κεφ
1608 1111 1696 1145 bull.
1720 1111 1761 1144 V.
1781 1113 1843 1145 140

334 1240 401 1284 37.
435 1237 487 1278 A.
510 1236 559 1278 F.
582 1235 632 1278 R.
658 1235 715 1276 M.
745 1242 851 1278 Cum
879 1238 1090 1278 nonnulli
1110 1236 1389 1291 presbyteri.
1426 1257 1452 1263 -
1486 1232 1606 1285 Greg.
1630 1230 1706 1272 XV
1728 1243 1842 1284 pres-

249 1309 412 1362 byteris
435 1309 476 1350 S.
501 1307 535 1349 I.
562 1321 635 1348 suo
668 1308 785 1348 iussu
807 1307 851 1347 in
881 1305 1062 1347 insulam
1083 1305 1228 1346 Chien.
1252 1305 1365 1346 intra
1386 1308 1552 1358 septem
1575 1316 1708 1344 annos
1729 1301 1842 1343 dele-

249 1381 398 1435 gandis
420 1379 612 1421 concedit
632 1379 884 1420 facultatem
905 1377 1218 1420 absolvendi....

250 1448 292 1482 R.
313 1459 369 1490 ap.
393 1446 429 1481 S.
449 1447 498 1481 M.
519 1447 569 1481 M.
590 1446 622 1480 X
643 1445 740 1489 Sept.
766 1447 850 1481 1622
869 1445 908 1479 Ρ.
929 1456 987 1479 an.
1008 1444 1053 1480 ΙΙ.

1508 1564 1584 1605 Rey
1618 1563 1706 1596 bucl.
1730 1561 1769 1596 V.
1789 1564 1842 1596 89.

338 1693 410 1736 38.
446 1688 497 1729 A.
520 1687 567 1730 F.
592 1687 642 1728 R.
666 1686 725 1730 M.
752 1692 862 1730 Cum
890 1688 1102 1731 nonnulli
1122 1689 1401 1742 presbyteri.
1426 1707 1452 1714 -
1481 1682 1603 1735 Greg.
1622 1680 1700 1722 XV
1729 1694 1844 1734 pres-

253 1761 415 1814 byteris
455 1759 495 1802 S.
529 1759 564 1801 I.
599 1760 642 1800 in
677 1763 819 1812 partes
854 1757 1105 1800 CPolitanas
1134 1757 1257 1797 ituris
1288 1759 1331 1796 et
1365 1754 1564 1807 deinceps
1594 1752 1844 1807 profecturis

256 1832 451 1874 concedit
471 1831 715 1873 facultatem
743 1829 988 1872 absolvendi
1016 1829 1117 1870 illuc
1144 1827 1403 1870 confluentes
1424 1827 1702 1880 poenitentes,
1725 1824 1844 1865 dum-

256 1905 379 1946 modo
414 1905 456 1944 in
478 1903 631 1944 iudicio
662 1916 707 1944 se
738 1902 899 1943 delatos
935 1915 1025 1942 esse
1056 1914 1138 1942 non
1174 1899 1366 1940 noverint
1399 1902 1474 1939 aut
1508 1910 1583 1950 pro
1618 1895 1844 1937 haereticis

256 1976 460 2018 declarati
481 1989 563 2017 non
584 1975 757 2016 fuerint.
780 1974 846 2015 Ad
866 1973 1148 2027 septennium.

256 2043 297 2078 R.
318 2054 374 2086 ap.
396 2042 431 2076 S.
451 2043 500 2077 M.
521 2043 569 2077 Μ.
590 2043 624 2077 X
643 2041 742 2084 Sept.
768 2043 849 2075 1622
866 2040 907 2074 P.
928 2051 986 2073 an.
1009 2039 1050 2074 11.

1509 2156 1599 2200 Rey.
1620 2155 1709 2189 buzl.
1735 2155 1771 2188 V.
1791 2156 1847 2188 88.

338 2294 410 2337 39.
446 2291 494 2332 Α.
520 2289 565 2330 F.
590 2289 640 2330 R.
664 2286 723 2329 M.
749 2294 907 2343 Nuper·
919 2300 1008 2343 per·
1026 2300 1109 2329 nos
1130 2290 1325 2342 accepto.
1345 2309 1370 2314 -
1386 2282 1509 2337 Greg.
1527 2281 1603 2323 XV
1624 2281 1845 2324 confirmat

254 2364 470 2405 decretum
492 2362 607 2403 civit.
631 2358 866 2401 Viterbien.
893 2359 941 2398 19
958 2357 1043 2398 ian.
1067 2358 1172 2399 1622
1192 2355 1271 2410 (Cf.
1297 2369 1409 2409 supr.
1435 2369 1476 2396 n.
1501 2356 1572 2408 26)
1593 2353 1845 2407 assignantis

255 2449 329 2476 sex
354 2433 491 2475 millia
525 2447 582 2474 sc.
609 2445 682 2485 pro
718 2430 815 2472 coll.
839 2429 880 2471 S.
905 2428 939 2470 I.
965 2428 1004 2470 d.
1030 2428 1143 2469 civit.
1168 2441 1243 2481 per
1276 2426 1399 2469 Card.
1425 2426 1642 2467 Tiberium
1679 2424 1844 2465 Mutum

257 2505 490 2548 Viterbien.
516 2503 753 2558 praesulem
773 2501 951 2543 ecclesia
972 2499 1140 2541 donato.

255 2573 296 2608 R.
315 2584 372 2615 ap.
395 2571 431 2606 S.
452 2571 501 2606 M.
523 2570 571 2604 M.
594 2570 697 2604 XXII
717 2568 814 2612 Sept.
837 2570 921 2603 1622
941 2567 979 2600 P.
1001 2578 1059 2600 an.
1075 2565 1121 2600 Il.

1490 2683 1577 2725 κερ.
1598 2683 1685 2715 buza.
1712 2683 1749 2716 V.
1769 2683 1842 2716 105.

336 2826 413 2869 40.
450 2823 499 2863 Α.
521 2822 566 2863 Ρ.
591 2821 640 2863 R.
668 2819 725 2862 M.
752 2823 943 2864 pletatis
971 2825 1009 2863 et
1037 2823 1335 2862 chrz'stc'mme.
1361 2840 1386 2846 -
1415 2814 1537 2867 Greg.
1561 2812 1651 2864 XV,
1674 2816 1844 2866 petente

255 2895 390 2936 Mutio
420 2893 678 2935 Vitellescho
700 2892 851 2946 Praep.
876 2891 980 2932 Gen.
1005 2890 1045 2932 S.
1070 2889 1124 2941 I.,
1143 2888 1308 2930 clericis
1329 2886 1369 2929 d.
1395 2885 1435 2928 S.
1460 2891 1502 2927 et
1533 2884 1728 2926 fidelibus
1749 2897 1845 2925 cum

255 2967 315 3007 eis
335 2964 678 3018 cooperantibus,
703 2977 856 3017 pueros
885 2966 926 3003 et
959 2961 1126 3002 adultos
1157 2959 1391 3000 doctrinam
1421 2957 1569 2998 christ.
1593 2955 1741 2996 docere
1771 2958 1846 2995 aut

256 3038 356 3078 dum
378 3036 554 3078 docetur
573 3036 778 3077 interesse
799 3034 1024 3085 consuetis,
1043 3032 1154 3086 plen.
1175 3029 1479 3082 indulgentiam
1499 3028 1568 3069 die
1588 3027 1694 3069 festo
1715 3025 1845 3068 semel
