1989 3252
285 168 451 212 Innoc.
475 169 535 213 X.
956 192 1007 196 —
1041 172 1121 212 356
1150 195 1205 202 —
1741 175 1873 218 1648.

370 257 439 299 16.
473 254 513 296 S.
538 255 688 309 Congr.
714 256 765 298 de
785 270 905 310 prop.
930 257 1026 299 fide.
1051 283 1077 288 -
1098 258 1325 301 Decretum
1348 273 1474 313 super
1503 259 1705 301 facultate
1725 261 1876 302 relicta

283 326 434 380 Praep.
474 326 582 368 Gen.
621 326 660 368 S.
702 327 737 368 I.
763 328 943 380 eligendi
979 330 1267 372 missionarios
1304 345 1458 385 eosque
1499 331 1707 384 mutandi,
1744 332 1872 373 etiam

283 398 521 439 inconsulta
556 398 597 440 S.
638 397 786 452 Cong.,
811 400 1036 442 dummodo
1072 403 1242 443 nomina
1276 407 1534 444 remotorum
1570 402 1873 455 significentur,

285 474 330 509 ut
350 470 441 522 ipsa
462 469 712 511 substitutos
744 470 960 512 declarare
997 486 1095 513 suos
1129 474 1417 515 missionarios
1438 479 1496 526 et,
1519 474 1554 514 si
1589 487 1693 527 opus
1724 473 1870 527 fuerit,

282 540 507 582 facultates
529 543 790 583 necessarias
812 556 1013 584 renovare
1034 546 1179 597 possit.

282 610 323 641 15
341 607 419 642 Oct.
440 610 537 643 1646.

1611 706 1764 740 Elench.
1784 707 1871 742 buu.

365 813 433 856 17.
467 811 516 853 A.
556 810 601 852 P.
649 810 698 853 R.
746 810 804 853 M.
847 817 1132 856 Universum&
1156 816 1268 856 Eccl.
1293 819 1530 870 reyz'mz‘m'.
1567 839 1593 845 -
1632 814 1777 856 Innoc.
1817 815 1869 865 X,

281 887 451 935 petente
473 881 593 924 Vinc.
619 881 785 923 Car-<iffa
807 882 955 936 Praep.
980 884 1083 925 Gen.
1122 884 1161 925 S.
1202 883 1254 934 I.‚
1293 883 1463 925 decreta
1499 898 1638 938 congr.
1671 900 1765 939 gen.
1789 885 1871 928 VII

278 954 329 995 de
364 967 473 995 anno
510 955 614 995 1615
637 960 679 995 et
703 953 805 995 VIII
826 954 877 996 de
898 968 1006 996 anno
1031 957 1135 996 1646
1158 955 1208 996 de
1231 970 1310 996 usu
1347 956 1556 998 clericalis
1578 957 1696 1010 pilei,
1721 957 1863 999 biretti

277 1039 404 1066 nnnc.
428 1025 735 1078 temporalibus
755 1026 1070 1068 coadiutoribus
1092 1028 1134 1067 in
1156 1032 1372 1080 posterum
1392 1029 1580 1069 venturis
1603 1042 1686 1070 non
1716 1042 1864 1071 conce-

271 1096 398 1138 dendi
419 1095 656 1139 confirmat.

279 1163 321 1198 R.
340 1174 400 1207 ap.
421 1163 456 1198 S.
475 1164 525 1199 M.
548 1164 596 1198 M.
616 1164 704 1199 XVI
720 1164 827 1199 Mart.
851 1166 934 1199 1647
952 1163 992 1197 Ρ.
1012 1175 1071 1198 an.
1091 1163 1155 1200 III.

1490 1260 1574 1303 neq.
1594 1259 1685 1295 bun.
1713 1260 1797 1295 vn.
1815 1263 1871 1296 27.

362 1369 432 1413 18.
466 1367 516 1408 A.
542 1366 589 1409 P.
618 1366 671 1409 R.
706 1366 762 1409 M.
788 1373 841 1410 In
861 1382 1077 1424 supremo
1098 1371 1387 1425 apostolicae..
1412 1393 1438 1399 —
1471 1367 1616 1410 Innoc.
1655 1367 1709 1421 X,
1741 1382 1869 1423 expo-

278 1439 475 1481 nentibus
496 1439 635 1493 presb.
661 1439 701 1481 S.
726 1439 761 1481 I.
785 1441 828 1480 in
849 1453 976 1493 regno
998 1439 1242 1492 Hyberniae
1264 1440 1375 1494 quod
1395 1439 1431 1481 I.
1456 1439 1503 1481 B.
1524 1440 1868 1495 archiepiscopus

280 1511 466 1554 Firman.
501 1510 618 1553 Sedis
654 1512 799 1565 Apost.
839 1513 882 1552 in
918 1511 959 1553 d.
992 1525 1118 1565 regno
1153 1511 1354 1564 Nuntius,
1388 1511 1646 1565 presbyteris
1682 1511 1723 1554 d.
1748 1512 1789 1554 S.
1826 1513 1871 1554 in

280 1584 358 1625 civ.
382 1583 649 1624 Kilkeniensi
670 1583 895 1625 ecclesiam
926 1598 1039 1625 mon.
1064 1597 1138 1624 seu
1174 1585 1385 1637 prioratus
1420 1583 1462 1625 S.
1500 1583 1671 1625 Ioannis
1706 1583 1865 1638 Evaug.

279 1661 403 1697 extra
423 1661 588 1709 portam
610 1655 650 1697 d.
675 1657 755 1696 civ.
779 1656 919 1708 sitam,
943 1655 1047 1696 alias
1069 1655 1123 1696 ad
1143 1669 1238 1697 can.
1262 1669 1348 1708 reg.
1383 1653 1534 1708 Congr.
1567 1655 1867 1697 Lateranensis

277 1731 556 1780 spectantem,
581 1727 630 1768 de
652 1741 855 1768 consensu
879 1726 1066 1768 Thomae
1090 1727 1201 1768 Roth
1225 1726 1327 1768 eccl.
1352 1726 1392 1768 S.
1415 1727 1560 1768 Canici
1581 1726 1866 1769 Kilkeniensis

278 1798 426 1840 decani
449 1812 497 1840 ac
518 1799 561 1839 in
592 1798 727 1840 dioec.
751 1798 961 1841 Ossorien.
987 1799 1066 1840 vic.
1091 1812 1184 1852 gen.
1210 1812 1372 1840 necnon
1405 1798 1445 1839 d.
1470 1799 1682 1851 prioratus
1713 1799 1866 1852 prioris

276 1871 626 1912 commendatarii
648 1865 763 1911 dedit
784 1884 880 1911 cum
902 1871 985 1911 situ
1007 1876 1049 1912 et
1078 1869 1241 1911 ambitu
1276 1870 1328 1911 ad
1363 1870 1459 1912 coll.
1484 1869 1526 1912 S.
1549 1869 1585 1911 I.
1608 1874 1651 1911 et
1685 1871 1866 1912 semina—

275 1944 383 1983 rium
419 1956 644 1996 puerorum
680 1943 1014 1983 ecclesiasticum
1049 1942 1293 1995 erigendum
1334 1955 1547 1996 unumque
1587 1955 1639 1983 ex
1679 1944 1705 1983 2
1739 1942 1805 1983 vel
1840 1944 1865 1984 3

276 2015 489 2056 canonicis
511 2015 554 2055 in
580 2028 705 2067 regno
740 2013 1035 2067 superstitibus
1070 2019 1350 2067 opponentem
1386 2014 1586 2068 repressit
1606 2014 1866 2067 (inseruntur

274 2086 354 2127 litt.
381 2085 546 2128 Nuntii.
570 2085 604 2128 Ι.
628 2086 673 2126 Β.
698 2084 1007 2128 Rinuccinus...
1027 2084 1252 2127 Kilkeniae
1274 2100 1327 2127 ex
1345 2085 1503 2139 palatio
1525 2089 1692 2127 nostrae
1713 2085 1864 2127 solitae

275 2158 401 2199 resid.
440 2157 507 2200 die
545 2159 563 2198 1
604 2157 707 2198 Maii
747 2160 867 2210 1646,
905 2162 948 2199 et
981 2157 1148 2199 litterae
1183 2157 1261 2199 Th.
1295 2156 1423 2200 Rothi
1449 2157 1501 2199 27
1537 2156 1629 2199 Ian.
1663 2157 1785 2211 1645)
1820 2157 1859 2199 d.

274 2230 587 2271 concessionem
608 2229 842 2271 confirmat.

275 2298 316 2331 R.
336 2308 392 2340 ap.
415 2297 451 2331 S.
474 2297 522 2331 M.
545 2297 593 2331 M.
615 2297 688 2332 XX
707 2299 799 2340 Aug.
822 2300 906 2332 1647
926 2297 965 2331 P.
987 2308 1044 2331 an.
1066 2297 1127 2332 III.

1469 2392 1472 2397 “
1503 2391 1591 2434 Rey.
1612 2390 1705 2424 hall.
1733 2390 1788 2425 VJ.
1807 2392 1860 2425 95.

357 2504 429 2546 19.
460 2500 705 2542 Facultates
726 2512 947 2541 concessae
968 2514 992 2540 a
1012 2497 1051 2540 S.
1078 2499 1126 2540 D.
1150 2497 1203 2540 N.
1227 2497 1472 2540 Innocentio
1491 2498 1570 2540 ΡΡ.
1592 2497 1644 2540 Χ.
1668 2499 1712 2540 Ρ.
1734 2498 1765 2538 F
1767 2511 1860 2539 ran-

271 2573 381 2614 cisco
405 2573 588 2614 Martino
611 2572 651 2614 S.
676 2572 709 2614 I.
735 2572 941 2625 superiori
963 2572 1173 2612 missionis
1195 2584 1267 2612 seu
1290 2570 1543 2612 residentiae
1565 2574 1733 2623 patrum
1755 2568 1796 2612 S.
1820 2568 1856 2611 I.

271 2644 406 2698 Cpoli.
448 2670 473 2675 —
517 2644 567 2685 In
602 2657 721 2697 cong.
773 2657 866 2697 gen.
905 2642 947 2685 S.
985 2642 1035 2685 R.
1076 2646 1118 2683 et
1152 2641 1207 2684 U.
1247 2641 1340 2696 Inq.
1378 2641 1524 2683 habita
1559 2642 1601 2682 in
1646 2640 1731 2694 pal.
1774 2640 1856 2694 Ap.

271 2716 427 2757 Montis
448 2715 610 2765 Quirin.
636 2714 676 2756 S.
715 2714 766 2756 D.
806 2714 858 2756 N.
900 2713 992 2755 Inn.
1031 2713 1112 2755 ΡΡ.
1139 2712 1176 2754 Χ
1196 2714 1453 2755 concessit...
1479 2727 1575 2754 cum
1606 2713 1857 2754 auctoritate

270 2788 364 2828 illus
394 2786 728 2828 communicandi
763 2787 887 2828 sociis
922 2786 1008 2827 suis
1044 2786 1085 2825 in
1123 2785 1389 2827 missione...
1430 2784 1493 2825 Ad
1530 2784 1796 2838 septennium
1831 2807 1857 2813 —

266 2859 300 2900 I.
327 2858 447 2900 Card.
476 2859 621 2911 Roma,
646 2858 680 2899 I.
707 2859 802 2899 Ant.
829 2857 1079 2898 Thomasius
1101 2855 1199 2897 Not.

268 2926 307 2959 F.
333 2925 370 2958 V.
393 2925 425 2958 (1,
448 2925 517 2958 XX
538 2925 640 2958 Febr.
665 2927 759 2959 1648.

1498 3017 1587 3060 Req.
1608 3016 1696 3049 bull.
1726 3015 1781 3049 VI.
1800 3018 1854 3050 98.
