1989 3252
708 483 1292 556 CLEMENTIS
1338 483 1519 555 ΧΠ.

313 717 480 750 Clemens
504 716 585 751 XII.
607 716 853 754 Florentium,
875 715 1094 751 Laurentius
1122 715 1309 752 Corsinus,
1331 715 1436 751 Card.
1466 715 1510 751 tit
1545 716 1581 750 S.
1603 713 1806 755 Susannae,
1833 716 1916 750 dein

400 771 435 806 S.
453 771 552 805 Petri
565 771 602 804 in
619 770 785 807 vinculis
801 771 992 814 episcopus
1009 770 1252 809 Tusculanus,
1266 774 1409 806 creatus
1424 771 1507 814 XII,
1521 775 1714 805 coronatus
1728 771 1832 806 XVII
1846 771 1913 806 Iul.

405 829 501 867 1730,
521 826 611 861 obiit
630 827 678 862 VI
697 827 783 862 Feb.
809 829 901 862 1740.

316 882 469 917 Decreto
488 884 528 917 10
547 883 640 924 Aug.
662 884 746 917 1736
764 882 1061 924 congregationis
1087 893 1160 916 sac.
1182 882 1318 915 rituum
1338 882 1584 916 venerabilem
1605 882 1644 915 P.
1664 881 1856 924 losephum
1874 881 1918 916 de

404 936 597 978 Anchieta,
615 937 651 970 in
675 936 830 970 Brasilia
852 936 1160 984 missionnarium,
1181 936 1331 971 virtutes
1358 937 1396 971 in
1416 937 1533 979 gradu
1549 936 1696 971 heroico
1715 936 1920 971 exercuisse

401 992 612 1027 declaravit.
629 993 734 1026 Anno
754 995 930 1034 sequente
950 992 1095 1027 beatum
1112 992 1285 1026 Ioannem
1304 992 1539 1026 Franciscum
1555 991 1666 1035 Regis
1683 992 1728 1025 ad
1747 991 1918 1026 coelitum

406 1047 563 1081 honores
582 1046 773 1090 promovit.

409 1341 449 1383 1.
483 1337 533 1378 Α.
559 1337 604 1379 Ρ.
637 1337 689 1378 R.
727 1335 785 1378 M.
826 1345 1087 1381 Romanum
1126 1342 1407 1393 Pontificem.
1432 1362 1457 1368 —
1478 1336 1610 1379 Clem.
1643 1336 1741 1389 XII,
1765 1336 1919 1378 damno

326 1413 460 1451 status
475 1408 708 1451 ecclesiast.
723 1408 776 1450 ob
797 1409 1117 1462 exemptionum
1139 1409 1501 1463 multiplicitatem
1518 1408 1754 1459 consulens,
1772 1407 1920 1449 annul-

327 1482 389 1523 lat
408 1494 552 1522 omnes
582 1481 889 1532 immunitates,
908 1484 1076 1522 revocat
1105 1480 1159 1522 ad
1181 1481 1382 1521 terminos
1404 1480 1508 1521 iuris
1539 1479 1772 1520 communis
1793 1479 1921 1532 privi-

328 1553 438 1606 legia
454 1552 650 1594 ordinum
671 1552 855 1605 religios.
877 1553 1007 1593 etiam
1030 1551 1362 1594 mendicantium
1384 1556 1426 1593 et
1447 1551 1488 1593 S.
1514 1551 1550 1592 I.
1570 1564 1697 1604 super
1712 1550 1922 1592 similibus

328 1623 684 1678 exemptionibus,
709 1624 1000 1677 exemptiones
1036 1623 1249 1665 nonnullis
1285 1623 1471 1676 collegiis
1492 1623 1533 1665 S.
1559 1622 1593 1664 I.
1618 1623 1668 1664 de
1692 1622 1805 1664 Urbe
1826 1636 1923 1663 con-

328 1710 468 1738 cessas
488 1696 629 1750 quoad
650 1697 809 1737 victum
831 1699 874 1737 et
895 1696 1094 1737 vestitum
1126 1696 1348 1737 dumtaxat
1369 1709 1452 1737 non
1473 1700 1615 1736 autem
1636 1708 1661 1736 a
1681 1694 1860 1735 fund-aco
1881 1698 1925 1735 et

331 1781 598 1822 maggazeno,
622 1766 846 1821 suffragari
866 1767 972 1820 vult,
996 1773 1077 1809 etc.

327 1836 371 1871 R.
390 1846 449 1879 ap.
470 1835 506 1868 S.
526 1835 576 1870 M.
597 1834 647 1868 M.
669 1834 718 1868 id.
737 1835 813 1869 Ian.
836 1836 919 1869 1731
941 1834 981 1868 P.
1003 1845 1062 1867 an.
1083 1833 1110 1868 1.

331 1955 435 1989 Bull.
458 1955 565 1989 Rom.

416 2077 458 2120 2.
493 2074 647 2126 Congr.
680 2089 714 2115 S.
739 2075 810 2116 rit.
844 2079 886 2116 et
920 2073 1006 2115 ind.
1031 2099 1056 2105 -
1092 2073 1306 2115 Ecclesiae
1342 2072 1384 2115 S.
1410 2072 1523 2114 Petri
1558 2072 1794 2114 Placentin.
1820 2073 1861 2113 S.
1887 2071 1920 2113 Ι.

335 2147 656 2188 translationem
679 2146 887 2199 privilegii
908 2146 961 2188 ab
983 2146 1108 2187 altari
1130 2145 1170 2187 S.
1196 2145 1228 2187 F
1231 2145 1409 2187 rancisci
1430 2143 1535 2186 XaV.
1561 2143 1614 2185 ad
1635 2144 1770 2185 maius
1792 2144 1926 2185 altare

335 2219 512 2272 petenti,
536 2216 606 2260 SS.
631 2218 838 2259 concessit
867 2216 1006 2271 privil.
1031 2216 1326 2271 quotidianum
1362 2230 1456 2257 cum
1488 2216 1755 2256 revocatione
1775 2215 1928 2269 prioris

337 2294 380 2331 et
399 2288 454 2331 ad
474 2289 761 2342 septennium.

335 2358 355 2389 7
374 2356 480 2390 Mart.
504 2357 600 2390 1731.

1784 2463 1928 2497 Bullae.

424 2581 465 2624 3.
499 2578 626 2631 Cong.
661 2592 693 2619 s,
719 2578 789 2618 rit.
815 2581 858 2617 et
890 2576 978 2618 ind.
1002 2602 1027 2607 —
1050 2576 1247 2618 Patribus
1268 2575 1309 2618 S.
1333 2575 1367 2617 1.
1394 2574 1648 2617 Namurcen.
1673 2575 1929 2629 petentibus,

343 2651 394 2692 ob
415 2650 721 2692 occurrentiam
743 2649 836 2690 festi
857 2648 899 2690 S.
919 2648 1075 2689 Albani
1093 2648 1310 2702 praecipui
1325 2648 1493 2700 patroni
1509 2646 1779 2699 cathedralis,
1798 2651 1932 2688 trans-

344 2722 544 2763 lationem
566 2720 923 2773 indulgentiarum
946 2733 1040 2761 cum
1063 2719 1171 2761 festo
1194 2717 1233 2760 S.
1259 2717 1423 2769 Aloisii‚
1448 2731 1557 2771 resp.
1582 2734 1588 2759 :
1615 2717 1693 2759 Pro
1714 2718 1864 2770 gratia.

348 2791 384 2822 19
405 2787 491 2822 Maii
512 2789 608 2822 1731.

1787 2891 1933 2925 Ranae.

431 3017 473 3059 4.
507 3012 657 3067 Congr.
682 3028 716 3055 s,
741 3014 811 3054 rit.
834 3017 875 3054 et
896 3013 982 3054 ind.
1005 3038 1028 3044 -
1053 3012 1268 3055 Ecclesiae
1290 3012 1437 3054 domus
1458 3011 1564 3064 prof.
1589 3010 1631 3052 S.
1655 3010 1689 3052 l.
1714 3009 1929 3052 Matriten.
