1989 3252
268 189 409 234 Pauli
428 190 482 234 V.
939 218 993 222 —-
1022 191 1104 233 258
1142 219 1190 223 —
1728 195 1850 244 1611.

267 275 427 316 Fulden
448 279 489 316 et
510 274 625 315 aliud
655 273 708 315 ad
738 275 867 317 trium
899 290 1071 329 regnum
1101 279 1281 332 (regum)
1314 282 1357 319 et
1386 279 1502 320 aliud
1532 279 1585 320 ad
1614 280 1653 321 S.
1688 281 1847 335 Crucis,

266 351 308 387 et
327 346 445 388 aliud
465 346 518 386 ad
548 345 590 387 S.
611 346 646 386 N
651 346 775 388 icolai
792 351 834 388 et
849 347 1060 402 reliquum
1076 348 1129 389 ad
1147 349 1280 390 eiusd.
1297 349 1338 391 S.
1362 350 1614 392 Catherinae
1636 351 1787 393 altaria
1808 353 1852 393 in

266 431 357 470 par.
381 417 481 458 0001.
506 417 547 458 S.
571 416 703 458 Blasii
723 431 820 471 opp.
847 417 1024 460 Fulden.
1049 420 1207 461 nullius
1236 420 1371 463 dioec.
1404 422 1644 474 provinciae
1675 421 1846 476 Magun-

264 489 342 530 tin.
366 494 571 542 perpetua
591 489 801 542 simplicia
821 489 1027 532 beneficia
1056 490 1357 545 ecclesiastica,
1390 505 1568 546 quorum
1598 493 1765 536 collatio
1796 494 1849 536 ad

266 559 306 601 d.
331 559 525 601 abbatem
547 564 722 613 spectat.
747 559 816 602 Fr.
840 562 894 602 24
913 561 1007 603 duc.

262 625 307 661 R.
326 637 384 669 ap.
405 626 440 660 S.
460 626 502 662 P.
522 625 595 660 kal.
616 626 701 661 Dec.
725 629 809 662 1610
829 627 869 661 Ρ.
890 638 948 662 an.
970 628 1030 663 VI.

1477 741 1563 784 Rea.
1583 741 1671 777 buu.
1690 742 1754 777 JV.
1775 744 1849 777 158.

346 862 437 905 111.
468 866 541 903 Ex
561 861 763 903 iniuncto
783 862 925 903 nobis.
957 884 982 889 -
1002 858 1122 900 Paul.
1155 859 1189 900 V
1220 874 1294 902 suo
1323 861 1364 901 in
1396 859 1512 902 Urbe
1542 861 1740 917 illiusque
1769 861 1851 903 dis-

263 932 391 972 trictu
409 931 487 971 vic.
504 944 597 984 gen.
616 930 843 972 committit
858 934 919 983 ut,
937 931 1110 971 attentis
1132 931 1216 972 litt.
1235 931 1357 973 Pauli
1373 932 1415 974 II
1436 940 1544 977 Cum
1558 941 1606 978 m
1622 937 1849 990 omnibus,

263 1002 506 1057 petentibus
536 1002 646 1044 Salv,
679 1001 822 1043 Riccio
852 1002 991 1055 presb.
1025 1006 1067 1043 et
1096 1016 1261 1055 procur.
1294 1003 1335 1046 S.
1373 1004 1409 1046 Ι.
1446 1006 1685 1058 provinciae
1722 1006 1845 1050 Rom.

262 1079 425 1115 rectore
446 1073 540 1114 coll.
564 1073 796 1114 Florentini
818 1077 859 1114 et
880 1073 1069 1114 Barthol.
1095 1073 1264 1116 Barolio
1295 1076 1383 1117 cive
1413 1076 1599 1118 Romano
1631 1078 1852 1121 confirmet

261 1145 548 1186 venditionem
578 1144 618 1185 d.
649 1144 972 1186 Bartholomaeo
1002 1145 1137 1198 pretio
1167 1146 1247 1187 750
1278 1160 1335 1188 sc.
1369 1147 1422 1188 ad
1453 1149 1658 1189 rationem
1694 1152 1742 1190 10
1771 1150 1847 1193 iul.

261 1231 336 1270 pro
357 1216 543 1271 quolibet
563 1230 619 1258 sc.
645 1216 801 1257 factam
831 1215 980 1257 domus
1011 1217 1054 1256 in
1084 1216 1213 1269 burgo
1245 1217 1285 1259 S.
1310 1217 1426 1259 Petri
1457 1219 1549 1272 (cfr.
1575 1219 1706 1262 Clem.
1731 1220 1848 1275 VIII,

262 1304 302 1331 n.
327 1291 413 1342 31),
436 1288 535 1329 licet
564 1289 607 1328 in
636 1292 788 1329 eventu
820 1287 1086 1330 alienationis
1117 1291 1418 1331 monasterium
1449 1290 1488 1332 S.
1515 1290 1571 1332 M.
1596 1291 1850 1345 Angelorum

262 1359 382 1413 burgi
403 1359 444 1401 S.
469 1358 668 1400 Frediani
697 1358 882 1400 Florent.
909 1359 956 1401 O.
982 1359 1024 1401 S.
1048 1359 1152 1401 Ben.
1185 1360 1359 1414 collegio
1390 1361 1622 1403 Florentin.
1647 1363 1850 1405 substitu-

262 1435 353 1472 tum
374 1431 502 1472 fuerit
522 1431 565 1471 in
586 1434 838 1472 testamento
859 1430 1022 1472 Laurae
1043 1430 1094 1472 de
1117 1431 1363 1474 Buttiferra.

259 1498 304 1533 R.
324 1509 382 1541 ap.
403 1498 439 1533 S.
460 1498 502 1533 P.
520 1497 595 1531 kal.
614 1497 691 1533 Ian.
713 1500 797 1533 1610
815 1497 856 1532 Ρ.
877 1509 935 1532 an.
957 1498 1017 1533 VI.

1424 1609 1510 1653 Rey.
1526 1609 1614 1644 bun.
1634 1609 1699 1644 IV.
1721 1612 1796 1646 161.
1816 1611 1851 1645 b.

344 1726 438 1770 112.
469 1723 521 1765 Α.
545 1722 592 1765 F.
617 1722 666 1764 R.
692 1720 751 1764 M.
777 1729 961 1779 Expom'
981 1725 1108 1767 nobis
1128 1738 1290 1779 nuper.
1313 1748 1340 1753 -
1373 1723 1496 1764 Paul.
1526 1722 1578 1777 V,
1611 1724 1854 1778 petentibus

262 1800 439 1848 rectore,
472 1794 699 1836 lectoribus
730 1794 944 1849 deputatis
981 1799 1024 1836 et
1057 1794 1314 1836 conciliariis
1346 1795 1568 1837 universit.
1607 1796 1717 1837 stud.
1756 1810 1848 1849 gen.

262 1866 532 1908 Colimbrien.
560 1869 602 1906 et
623 1869 799 1918 rectore,
823 1866 1009 1919 presbyt.
1035 1870 1077 1906 et
1096 1865 1400 1919 professoribus
1436 1865 1529 1907 coll.
1569 1865 1610 1908 S.
1648 1865 1682 1907 I.
1722 1868 1852 1908 etiam

263 1937 534 1980 Colimbrien.
560 1937 738 1978 membri
768 1937 807 1979 d.
847 1938 1150 1989 universitatis,
1188 1938 1410 1978 confirmat
1444 1937 1709 1979 concordiam
1744 1939 1854 1980 inter

264 2024 335 2052 eos
357 2010 506 2050 initam
527 2023 654 2062 super
673 2009 834 2050 fabrica
855 2008 1093 2050 scholarum
1124 2009 1241 2050 hum.
1267 2008 1396 2050 litter.
1435 2013 1478 2049 et
1511 2009 1665 2049 artium
1700 2009 1852 2051 libera-

263 2082 368 2124 lium
404 2081 444 2123 d.
482 2081 661 2134 collegii,
686 2080 738 2122 ad
775 2094 901 2135 quam
937 2081 1157 2134 Philippus
1195 2080 1316 2134 Hisp.
1341 2085 1383 2122 et
1417 2081 1586 2134 Portug.
1613 2086 1655 2122 et
1676 2081 1848 2136 Algarb.

264 2167 339 2195 rex
360 2153 473 2194 cath.
497 2154 521 2194 5
543 2151 623 2193 Iul.
652 2153 757 2193 1604
778 2156 1052 2206 praeceperat
1071 2165 1124 2193 ex
1159 2152 1446 2192 universitatis
1482 2151 1715 2192 redditibus
1749 2166 1851 2206 quo-

263 2227 404 2269 tannis
424 2227 449 2267 3
472 2240 527 2267 m.
552 2239 611 2266 sc..
635 2238 767 2278 usque
789 2224 842 2265 ad
863 2237 1072 2265 summam
1094 2225 1146 2265 20
1169 2238 1225 2265 m.
1250 2237 1307 2264 sc.
1333 2223 1451 2273 solvi,
1475 2228 1516 2265 et
1536 2225 1588 2265 20
1619 2224 1708 2265 Oct.
1746 2226 1849 2266 1609

263 2297 555 2340 recusantibus
577 2296 870 2350 obtemperare
891 2297 1042 2338 iterato
1064 2299 1355 2349 praeceperat.
1379 2294 1444 2337 Sc.
1469 2295 1684 2337 solventur
1707 2297 1761 2338 20
1791 2310 1847 2338 m.

263 2382 342 2420 sc.,
363 2367 438 2409 sed
458 2369 494 2409 si
514 2381 596 2409 non
617 2367 827 2409 sufficiant
849 2367 902 2409 ad
924 2366 1227 2420 perfectionem
1248 2366 1434 2408 fabricae
1455 2366 1676 2419 collegium
1698 2380 1851 2408 renun-

262 2440 343 2481 tiat
362 2439 556 2481 omnibus
578 2438 787 2480 mandatis
808 2439 932 2493 regiis
953 2451 1080 2492 super
1101 2439 1181 2479 hoc
1202 2439 1247 2479 in
1266 2437 1455 2479 futurum
1477 2437 1725 2479 obtinendis.

264 2506 307 2545 R.
326 2517 383 2549 ap.
405 2505 442 2540 S.
466 2505 503 2538 P.
525 2507 542 2540 1
560 2505 647 2539 Feb.
672 2508 751 2540 1611
772 2505 813 2540 P.
833 2515 892 2539 an.
913 2506 975 2541 VI.

264 2611 370 2647 Bulz.
392 2613 500 2648 Rom.
1423 2613 1508 2657 Ray.
1527 2612 1613 2648 buu.
1634 2612 1698 2647 IV.
1719 2615 1794 2649 159.
1814 2613 1848 2648 b.

345 2724 441 2768 113.
473 2729 683 2767 Pastoris
703 2727 841 2779 officii
859 2725 1077 2769 debitum.
1115 2746 1143 2753 -
1181 2720 1303 2764 Paul.
1347 2720 1384 2763 V
1421 2721 1589 2764 officiali
1630 2722 1849 2765 Patavien.

261 2797 434 2846 petente
456 2793 517 2835 Cl.
543 2794 758 2848 Aquaviva
781 2794 850 2836 Pr.
872 2793 977 2836 Gen.
1001 2792 1043 2836 S.
1067 2793 1102 2835 1.
1128 2794 1353 2836 committit
1375 2798 1421 2834 ut
1442 2806 1538 2834 cum
1559 2792 1654 2834 coll.
1680 2792 1722 2835 S.
1746 2792 1780 2833 Ι.
1805 2793 1849 2834 in

265 2865 419 2919 oppido
441 2865 576 2907 Lincii
597 2867 812 2908 Patavien.
838 2865 971 2908 dioec.
1012 2866 1131 2908 uniat
1165 2869 1344 2907 monast.
1381 2864 1481 2906 olim
1517 2865 1764 2907 monialium
1799 2864 1851 2906 de

265 2934 447 2989 Pulgary
467 2949 597 2990 prope
617 2942 658 2979 et
679 2941 801 2979 extra
821 2950 963 2979 muros
985 2936 1028 2978 d.
1052 2935 1192 2991 oppidi
1208 2949 1234 2977 a
1249 2940 1350 2977 tunc
1366 2936 1577 2984 existente
1594 2936 1848 2977 monasterio

257 3006 306 3049 S.
330 3006 440 3062 Spir.
464 3021 593 3063 prope
614 3012 658 3051 et
675 3012 798 3052 extra
811 3013 977 3063 portam
994 3007 1309 3051 Carinthiacam
1325 3021 1454 3050 nunc.
1475 3006 1678 3052 viennen.
1700 3006 1853 3060 depen-
