1989 3252
278 166 455 211 Urban.
476 166 608 211 VIII.
949 190 1004 196 -—-
1033 167 1113 206 340
1143 191 1198 196 —
1740 171 1869 215 1634.

274 254 449 295 obtenta
469 253 522 294 ab
556 267 604 294 eo
626 253 843 306 facultate,
868 267 951 294 non
980 261 1121 295 tamen
1147 254 1200 295 ab
1221 255 1293 296 illo
1317 255 1602 308 concedenda,
1626 256 1706 296 nisi
1726 269 1869 298 assen-

276 326 409 366 tiente
428 323 634 366 Pontifice
654 330 729 365 aut
750 323 792 366 S.
815 324 965 377 Congr.
989 325 1177 367 concilii.

276 394 318 426 20
336 391 442 425 Febr.
468 394 562 425 1634.

1606 503 1759 537 Elench.
1780 504 1868 537 bule.

360 614 459 657 150.
493 612 544 653 A.
565 611 610 652 F.
636 611 685 652 R.
707 611 763 653 M.
792 615 1081 656 provisionis
1101 618 1301 656 nostrae.
1326 636 1351 642 —
1372 611 1534 654 Urban.
1559 611 1661 653 VIII
1682 618 1872 655 tenorem

279 683 416 724 brevis
432 683 553 723 Pauli
573 682 622 735 V,
637 687 977 739 Relzyzosomm
997 689 1040 726 S.
1064 689 1088 725 I
1091 684 1154 735 .,7
1171 682 1273 725 Dec.
1294 684 1591 736 1606,inserit,
1610 698 1692 738 quo
1702 688 1871 738 petente

277 754 427 807 Praep.
447 753 553 796 Gen.
574 753 870 795 declarabatur
896 753 1007 807 quod
1029 753 1212 806 religiosi
1233 755 1345 796 intra
1366 754 1550 796 claustra
1570 755 1767 809 degentes
1788 769 1870 796 non

278 827 433 868 debent
453 840 594 867 coram
617 826 851 867 Ordinariis
887 827 1113 867 convenire
1135 827 1179 866 in
1199 828 1337 868 causis
1359 826 1572 880 civilibus,
1596 837 1639 869 et
1667 828 1746 881 Ap.
1771 826 1867 869 Sed.

278 901 321 940 in
341 900 479 952 regnis
500 898 621 952 Hisp.
647 898 807 939 Nuntio
838 904 881 939 et
902 912 1015 940 caus.
1043 912 1131 940 cur.
1165 912 1273 940 cam.
1299 912 1368 952 ap.
1400 912 1495 952 gen.
1529 899 1710 941 auditori
1732 899 1869 954 publi-

277 973 388 1013 catio
409 970 767 1012 committebatur.

277 1039 321 1073 R.
340 1049 397 1082 ap.
419 1038 455 1072 S.
479 1038 517 1072 P.
538 1037 623 1072 XIII
642 1037 750 1071 Mart.
776 1040 857 1072 1634
878 1037 917 1071 P.
938 1048 996 1071 an.
1019 1037 1082 1072 XI.

280 1149 456 1191 Hernaez,
479 1148 677 1182 Colecce'on.
697 1159 754 1192 ορ.
776 1152 837 1181 cit.
858 1148 890 1186 Ι,
905 1150 981 1182 419.
1518 1149 1602 1190 Rey.
1623 1147 1710 1182 bun.
1741 1147 1798 1182 VI.
1817 1150 1872 1183 54.

364 1261 462 1304 151.
499 1258 548 1299 A.
573 1257 620 1298 F.
641 1256 691 1299 R.
713 1257 770 1299 M.
798 1264 1086 1322 Prooc'sc‘om's
1107 1262 1306 1301 nostrae.
1331 1281 1357 1286 —
1379 1255 1541 1298 Urban.
1562 1255 1664 1297 VIII
1683 1260 1872 1297 tenorem

280 1331 366 1372 litt.
389 1331 432 1371 in
462 1330 597 1371 forma
624 1329 777 1381 brevis,
803 1328 936 1369 Clem.
962 1327 1064 1369 VIII
1087 1327 1191 1381 (Cfr.
1218 1342 1257 1369 n.
1286 1329 1381 1381 106)
1404 1328 1454 1369 de
1476 1328 1602 1370 verbo
1624 1329 1676 1370 ad
1697 1327 1872 1369 verbum

279 1402 505 1444 transcribi
526 1401 629 1443 facit
649 1401 845 1455 idemque
866 1399 995 1441 robur
1016 1400 1055 1440 ei
1076 1413 1126 1440 ac
1147 1399 1425 1453 originalibus
1447 1401 1646 1453 assignat.

278 1470 323 1505 R.
343 1481 400 1513 ap.
418 1468 453 1504 S.
475 1469 517 1503 P.
538 1468 640 1503 XVII
657 1468 765 1502 Mart.
786 1469 870 1502 1634
888 1467 930 1501 Ρ.
949 1477 1008 1500 an.
1029 1466 1093 1501 XI.

1478 1577 1567 1622 ηερ.
1588 1577 1677 1612 bun.
1704 1578 1758 1612 VJ.
1779 1579 1822 1613 53
1838 1578 1873 1613 b.

367 1694 466 1738 152.
501 1692 544 1734 S.
577 1689 726 1744 Congr.
765 1689 887 1732 Card.
926 1689 1052 1731 Conc.
1091 1687 1204 1730 Trid.
1242 1688 1537 1742 interpretum.
1571 1713 1596 1719 -
1631 1687 1872 1731 Declaratio

280 1769 488 1819 quatenus
508 1762 550 1804 S.
575 1761 609 1804 I.
634 1761 789 1803 habeat
822 1762 865 1801 in
887 1774 1003 1814 prov.
1029 1759 1095 1801 del
1116 1759 1224 1802 Peru
1248 1759 1513 1814 privilegium
1550 1760 1698 1801 altaris
1729 1764 1872 1813 porta-

280 1836 368 1877 tilis
388 1840 431 1877 et
449 1836 493 1876 in
514 1834 708 1876 domibus
742 1832 1050 1886 campestribus
1071 1832 1258 1873 oratoria
1289 1832 1333 1872 in
1354 1831 1505 1885 quibus
1535 1830 1632 1873 laici
1659 1832 1873 1884 intersint,

281 1922 332 1950 ea
352 1922 443 1949 esse
477 1905 754 1958 observanda,
776 1905 1031 1958 illorumque
1068 1918 1188 1945 usum
1210 1909 1254 1945 et
1289 1903 1584 1945 executionem
1612 1904 1655 1957 (a
1676 1903 1875 1945 commis-

282 1981 393 2021 sario
415 1980 649 2031 cruciatae)
672 1967 868 2031 impediri
889 1990 972 2017 non
993 1989 1127 2029 posse.
1151 2000 1205 2005 —
1226 1975 1275 2017 R.
1302 1974 1424 2016 Card.
1451 1973 1706 2016 Ubaldinus.

284 2050 323 2082 18
341 2047 448 2081 Mart.
474 2048 566 2079 1634.

1512 2153 1603 2197 Ray.
1625 2152 1713 2186 buu.
1743 2151 1797 2186 VI.
1819 2154 1874 2187 55.

366 2278 464 2322 153.
500 2276 550 2318 Α.
570 2275 616 2318 Ρ.
636 2274 685 2316 R.
706 2273 765 2316 M.
786 2277 1043 2318 Salvatorz's
1063 2278 1103 2317 et
1125 2279 1324 2317 Domini.
1344 2295 1370 2302 —
1391 2269 1553 2313 Urban.
1567 2270 1687 2325 VIII,
1705 2275 1875 2326 petente

282 2345 460 2402 Georgio
481 2346 715 2389 Ossolinski
750 2359 859 2387 com.
883 2344 934 2386 de
953 2344 1144 2386 Tenekin
1166 2342 1373 2385 Vladislai
1403 2342 1606 2385 Poloniae
1629 2347 1672 2385 et
1701 2343 1876 2386 Sueoiae

284 2421 392 2473 regis
414 2420 607 2471 Oratore,
630 2418 750 2459 litem
784 2419 828 2458 in
862 2418 990 2459 tertia
1010 2417 1215 2458 instantia
1245 2417 1357 2458 inter
1378 2415 1475 2458 coll.
1499 2415 1540 2458 S.
1565 2416 1599 2459 I.
1625 2415 1872 2458 Oracovien.

283 2497 327 2533 et
362 2490 637 2532 Academiam
672 2488 782 2531 stud.
806 2503 900 2543 gen.
924 2488 964 2530 d.
988 2489 1068 2530 civ,
1092 2501 1219 2542 super
1250 2487 1502 2530 lectionibus
1538 2489 1582 2529 in
1617 2488 1801 2530 favorem
1831 2487 1872 2529 d.

284 2563 379 2605 coll.
418 2562 620 2614 decisam,
643 2561 696 2603 ob
732 2562 846 2602 rixas
868 2565 981 2601 ortas
1016 2560 1071 2601 ad
1091 2574 1135 2601 se
1171 2564 1322 2601 avocat
1356 2563 1398 2601 et
1426 2559 1479 2601 de
1512 2573 1717 2602 consensu
1747 2558 1874 2600 Mutii

284 2634 531 2676 Vitelleschi
551 2633 653 2675 Gen.
680 2633 719 2674 d.
744 2632 786 2675 S.
811 2632 974 2685 collegii
997 2632 1199 2673 lectiones
1220 2632 1460 2685 supprimit.

286 2702 327 2737 st.
348 2713 406 2744 ap.
428 2700 465 2735 S.
486 2700 526 2734 Ρ.
549 2699 653 2736 XXII
670 2699 778 2734 Mart.
801 2702 884 2734 1634
902 2699 943 2732 P.
964 2709 1022 2733 an.
1044 2698 1108 2734 XI.

1519 2809 1611 2854 περ.
1630 2807 1718 2845 buu.
1744 2808 1802 2844 νι.
1820 2810 1876 2845 35.

367 2941 469 2985 154.
502 2939 553 2980 A.
587 2937 633 2980 F.
667 2937 718 2980 R.
753 2936 812 2979 M.
836 2943 890 2981 In
918 2938 1294 2994 supereminenti.
1320 2960 1346 2966 -
1376 2934 1538 2979 Urban.
1563 2934 1682 2990 VIII,
1705 2939 1879 2991 petente

287 3010 484 3065 Philippo
508 3011 630 3065 Hisp.
654 3023 752 3064 rege
774 3010 907 3062 cath.,
927 3009 1272 3063 archiepiscopis,
1291 3009 1498 3062 episcopis
1517 3013 1559 3050 et
1580 3007 1679 3050 sede
1699 3011 1877 3050 vacante
