1989 3252
172 238 310 292 areg.
333 234 469 278 xm.
575 202 585 207 ⁴
841 255 895 261 -
923 232 1002 271 525
1034 255 1085 259 -
1622 226 1750 270 1584.

253 322 375 368 245⁵
407 323 618 366 Charitas
640 327 687 363 D.
710 326 766 363 Ν.
789 344 814 349 -
848 318 969 370 Greg.
1009 315 1110 357 XIII
1144 316 1268 358 Petro
1306 313 1539 356 Moldaviae
1568 312 1753 365 Principi

171 393 409 447 gratulatur
448 392 499 433 de
535 391 794 443 benignitate
828 403 925 441 erga
960 388 1075 429 Eccl.
1113 387 1233 427 Rom.
1272 386 1460 427 homines
1495 389 1537 425 et
1572 383 1623 425 de
1657 382 1751 424 odio

171 464 370 505 adversus
390 462 580 503 veritatis
598 461 836 514 Christique
857 460 995 500 hostes
1011 459 1082 512 qui
1104 472 1157 499 ex
1179 457 1381 498 Bohemia
1401 460 1444 496 et
1460 454 1752 496 Transilvania

169 536 278 576 istuc
294 536 516 587 penetrant
532 537 571 573 et
588 530 854 572 commendat
870 530 967 571 Ant.
991 528 1261 570 possevinum
1278 527 1349 580 qui
1365 526 1529 567 litteras
1546 526 1586 566 ei
1603 524 1748 566 reddet

171 610 214 648 et
235 605 401 659 negotia
421 608 617 657 exponet.

170 673 212 707 a.
232 683 290 715 ap.
311 671 346 705 s.
366 671 407 706 P.
427 670 510 705 x1v
528 668 618 704 Maii
636 671 720 703 1583
740 667 779 703 Ρ.
799 667 940 702 an.x1.

169 771 223 806 Ib.
242 790 283 795 —
302 770 420 804 Nilles
436 769 470 804 S.
489 769 533 809 Ι.,
552 766 749 811 Symbolae
764 779 799 809 p.
819 768 896 801 979.

252 877 377 923 249ss
408 878 744 920 Increde'bz'lc'cer
763 878 919 917 laetate·
971 897 996 902 —
1031 871 1152 923 Greg.
1190 869 1294 910 XIII
1339 869 1551 922 deputatis
1581 867 1750 909 scholae

170 948 211 990 S.
237 949 383 989 Annae
406 947 535 988 Perae
557 945 747 988 concedit
768 958 873 997 quos
893 944 1105 997 petierunt
1125 942 1340 994 mittitque
1360 945 1444 981 tres
1466 939 1505 980 S.
1530 938 1564 981 I.
1585 938 1749 991 religio-

173 1034 239 1061 sos
259 1033 435 1074 quorum
456 1018 620 1059 labores
641 1022 684 1058 et
705 1016 846 1057 studia
866 1015 966 1068 ipsis
989 1014 1230 1054 inservient.

170 1087 215 1121 R.
235 1098 292 1129 ap.
315 1085 350 1119 S.
373 1085 413 1119 P.
433 1084 536 1118 XXV
558 1085 632 1117 lun.
656 1085 739 1117 1583
761 1083 797 1117 Ρ.
817 1093 875 1116 an.
896 1081 941 1115 X.

174 1186 343 1222 Theiner.
362 1196 451 1218 (mn.
471 1184 554 1218 eccl.
574 1183 624 1216 ad
640 1185 676 1216 h.
696 1194 730 1217 a.
750 1193 787 1215 η.
808 1184 860 1216 45.

254 1294 379 1340 249.3
410 1299 591 1338 Eoetuz's
611 1294 792 1336 litteris.
830 1315 855 1321 -
893 1289 1015 1342 Greg.
1059 1286 1163 1328 XIII
1202 1287 1349 1328 Franc.
1394 1285 1605 1327 Moresino
1644 1285 1749 1337 reip.

170 1365 358 1408 Venetae
380 1363 742 1417 Constantinopoli
763 1362 892 1413 bailo‚
915 1375 989 1414 pro
1025 1360 1348 1401 christianorum
1385 1358 1457 1411 qui
1494 1357 1623 1398 Perae
1657 1361 1754 1397 sunt

170 1437 306 1478 salute
327 1436 506 1478 sollicito
528 1441 568 1477 et
592 1449 666 1488 per
696 1434 859 1476 litteras
894 1432 946 1474 ad
983 1431 1106 1473 Card.
1146 1430 1274 1471 Alois.
1313 1429 1553 1471 Cornelium
1588 1427 1750 1481 aliquos

171 1522 257 1549 sac.
281 1507 322 1549 S.
347 1507 380 1548 Ι.
407 1507 582 1559 petenti,
605 1510 690 1547 tres
711 1505 856 1555 mittit,
876 1502 1062 1554 Gallum,
1082 1501 1339 1553 Ragusinum
1360 1504 1402 1541 et
1424 1499 1750 1540 Anconitanum.

173 1574 213 1607 R.
234 1585 290 1617 ap.
313 1573 348 1607 S.
371 1573 410 1608 Ρ.
430 1572 534 1607 XXV
555 1572 634 1607 Iun.
656 1574 740 1606 1583
759 1571 800 1605 Ρ.
820 1581 865 1603 an
900 1570 945 1604 X.

169 1673 223 1708 Ib.

256 1779 379 1826 249.⁴
408 1779 577 1821 Gratiae
600 1783 642 1820 et
671 1777 894 1819 facultates
929 1775 1198 1829 singulariter
1230 1788 1451 1815 concessae
1487 1773 1533 1815 P.
1571 1773 1678 1815 Iulio
1714 1778 1757 1815 et

174 1851 298 1892 sociis
319 1851 410 1892 eius
431 1849 591 1891 sacerd.
616 1849 656 1890 S.
681 1848 715 1889 Ι.
740 1862 765 1888 a
785 1846 991 1889 Pontifice
1012 1846 1150 1887 missis
1172 1846 1215 1886 in
1233 1844 1460 1886 utilitatem
1480 1845 1637 1886 Christi
1652 1843 1754 1885 fide-

174 1921 278 1962 lium
300 1922 343 1962 in
365 1921 554 1974 partibus
575 1920 808 1961 Turcarum
828 1919 1075 1972 praesertim
1105 1917 1216 1957 circa
1245 1914 1387 1957 CPlim
1423 1929 1449 1957 a
1485 1915 1662 1957 Domino
1696 1914 1748 1956 N.

176 1993 301 2046 Greg.
325 1991 429 2033 XIII
452 2006 525 2046 per
554 1992 636 2032 litt.
671 1995 807 2044 apost.
839 2004 897 2031 sc.
923 1991 1070 2030 missas
1103 1995 1145 2029 et
1166 2001 1273 2029 sacr.
1298 1986 1564 2028 ministrandi
1598 1986 1756 2040 absque

176 2063 276 2105 Ord.
300 2063 471 2105 licentia
501 2088 526 2093 —
547 2076 598 2104 ne
619 2061 904 2116 impediantur
924 2060 1010 2101 ullo
1031 2059 1168 2101 colore
1189 2084 1214 2089 —
1233 2057 1476 2099 absolvendi
1511 2058 1554 2098 in
1588 2057 1755 2098 casibus

175 2134 323 2176 Bullae
356 2135 519 2176 Coenae
553 2135 592 2164 -'
609 2132 879 2186 dispensandi
910 2133 952 2172 in
982 2133 1026 2172 3ο
1045 2130 1174 2184 gradu
1207 2131 1249 2170 in
1271 2134 1393 2171 matr.
1418 2130 1643 2169 contractis
1665 2129 1755 2169 —in

176 2205 369 2247 omnibus
385 2205 698 2259 impedimentis
716 2203 890 2245 occultis
907 2203 958 2244 de
974 2203 1066 2243 iure
1082 2202 1259 2254 positivo
1276 2225 1301 2230 -
1318 2201 1360 2240 in
1376 2199 1754 2252 irregularitatibus

175 2291 269 2318 cum
291 2276 570 2319 existentibus
591 2277 634 2317 in
654 2276 782 2317 sacris
803 2299 828 2305 -
848 2273 1089 2316 absolvendi
1111 2273 1163 2314 ab
1184 2272 1347 2313 haeresi
1367 2276 1407 2313 et
1430 2271 1671 2312 schismate.

174 2343 279 2378 XXV
295 2344 375 2378 Iun.
395 2346 480 2379 1583
499 2343 526 2377 Ρ
560 2354 617 2377 an.
640 2343 717 2378 XII.

1344 2415 1429 2456 Rey.
1451 2413 1540 2449 buzl.
1561 2416 1624 2450 IV.
1644 2417 1698 2449 87.
1719 2415 1753 2450 b.

259 2529 379 2576 274ss
411 2532 722 2586 Dtltyebanms
742 2536 974 2573 loannem..
998 2553 1023 2559 -
1053 2528 1173 2580 Greg.
1206 2525 1310 2567 XIII
1339 2524 1557 2567 Theodoro
1589 2524 1757 2566 domino

179 2599 372 2653 Russiae,
395 2614 544 2653 magno
566 2601 664 2642 duci
684 2600 1002 2641 Moschoviae...
1033 2599 1082 2640 de
1106 2598 1306 2652 parentis,
1331 2597 1402 2650 qui
1432 2596 1602 2637 nuntios
1631 2594 1683 2635 ad
1714 2609 1757 2636 se

179 2672 367 2724 miserat,
390 2671 505 2713 obitu
526 2671 712 2713 dolorem
734 2685 855 2712 suum
878 2669 1100 2723 significat,
1123 2675 1164 2710 et
1193 2667 1460 2710 commendat
1489 2667 1587 2707 Ant.
1612 2665 1756 2707 Posse-

180 2743 337 2794 vinum,
360 2756 455 2783 cum
477 2742 625 2783 iisdem
646 2743 805 2783 nuntiis
826 2742 1062 2792 remissum,
1085 2741 1204 2781 cuius
1234 2739 1325 2780 sive
1357 2738 1589 2791 praesentis
1618 2735 1756 2778 verbis

178 2812 264 2853 sive
285 2812 469 2854 absentis
492 2813 615 2865 (forte
635 2813 746 2854 enim
768 2825 822 2853 ex
851 2811 1025 2853 Polonia
1053 2811 1196 2851 venire
1225 2808 1278 2850 ad
1308 2809 1446 2861 ipsum
1476 2821 1558 2849 non
1587 2807 1756 2860 poterit>

177 2882 329 2924 litteris
350 2882 475 2924 fidem
496 2882 669 2923 tribuat.

178 2948 222 2983 R.
240 2959 297 2991 ap.
318 2949 353 2982 S.
375 2948 425 2983 M.
446 2949 555 2984 XXX
573 2948 640 2983 Iul.
662 2950 746 2983 1584
764 2948 806 2983 P.
827 2959 885 2983 an.
906 2947 1002 2982 XIII.

183 3045 352 3091 Themer,
370 3057 461 3083 ann.
481 3050 562 3081 eccl.
582 3047 631 3080 ad
649 3045 684 3082 Ιι.
704 3058 739 3082 α.
760 3058 796 3082 n.
816 3048 869 3082 82.
