1989 3252
89 265 249 310 Clem.
269 265 407 309 XIII.
760 285 814 293 -
841 263 922 304 487
952 287 1004 293 —
1552 262 1684 308 1762.

190 352 262 396 25.
298 357 419 398 Quae
438 353 511 395 hic
529 356 645 395 acta.
665 347 795 390 Clem.
813 347 918 390 XIII
929 349 1141 402 Stephano
1158 348 1262 390 Ren.
1277 347 1400 390 Card.
1419 347 1470 390 de
1485 348 1680 401 Gesures,

111 435 216 476 quae
237 421 315 462 III.
340 435 436 462 non.
461 421 576 474 Sept.
601 421 642 461 in
672 421 919 461 consistorio
950 425 1044 460 acta
1072 425 1170 460 sunt
1199 420 1365 460 nuntiat
1398 434 1405 460 :
1444 419 1581 460 edicta
1605 433 1679 460 seu

106 496 267 534 arresta
282 492 652 545 parlamentorum‚
670 491 822 545 quibus
843 491 967 531 isthic
986 489 1029 532 S.
1051 490 1085 532 Ι.
1105 495 1313 543 prostrata
1333 494 1396 531 est
1426 495 1467 530 et
1496 489 1537 531 S.
1564 490 1682 531 Sedis

106 563 286 616 dignitas
306 563 537 616 impetitur,
560 561 773 613 damnata,
796 561 950 602 abolita
983 566 1110 614 atque
1130 562 1250 601 irrita
1270 564 1312 601 et
1332 560 1447 601 nulla
1467 560 1680 602 declarata

103 634 233 675 fuisse
254 650 261 675 :
285 634 477 675 hortatur
512 647 607 674 eum
628 636 676 674 ut
696 632 912 674 intellecta
932 632 1148 673 voluntate
1168 645 1258 683 sua,
1283 631 1414 672 multo
1435 630 1509 672 fiat
1529 631 1677 673 arden-

103 705 137 746 ti
165 719 198 746 r.

103 719 226 813 Psap.
248 770 284 805 S.
304 770 354 806 M.
375 770 424 805 M.
445 769 512 805 VII
529 769 628 813 Sept.
650 772 732 805 1762
752 769 791 803 Ρ.
812 780 870 803 an.
892 769 934 804 V.

101 879 199 914 Bulc.
218 880 323 915 Rom.

184 1006 255 1049 26.
287 1009 421 1059 Spem
443 1007 564 1046 mter
582 1007 621 1045 et
642 1008 823 1045 metum.
848 1026 873 1031 —
908 1001 1042 1042 Clem.
1080 1000 1183 1041 XIII
1219 1001 1280 1042 Io.
1318 1001 1350 1041 F
1353 1002 1536 1042 rancisco
1558 999 1679 1042 Card.

103 1072 466 1114 Rochechouartio
488 1085 631 1124 nunc,
655 1071 842 1113 oblatum
874 1071 1118 1113 scandalum
1138 1085 1190 1113 ex
1211 1085 1259 1113 eo
1281 1072 1389 1125 quod
1411 1086 1435 1112 a
1455 1072 1678 1113 saeculari-

102 1144 178 1185 bus
202 1143 361 1197 aliquot
391 1143 517 1184 curiis
548 1148 690 1184 contra
714 1143 753 1185 S.
779 1143 810 1183 I.
838 1147 998 1195 gestum
1021 1147 1098 1195 est,
1121 1142 1285 1183 amoliri
1314 1143 1500 1195 cupiens,
1522 1142 1679 1195 signifi-

103 1219 171 1257 cat
191 1215 232 1255 in
255 1228 367 1255 cons.
392 1228 497 1255 secr.
516 1213 581 1254 III
603 1213 726 1254 huius
744 1215 897 1255 mensis
913 1214 1056 1255 habito
1074 1214 1286 1254 infirmata
1302 1218 1344 1254 et
1360 1214 1534 1254 rescissa
1551 1213 1679 1254 fuisse

102 1299 207 1340 quae
228 1285 281 1326 ab
301 1285 386 1326 illis
405 1288 521 1339 gesta
540 1289 650 1326 sunt.

104 1353 145 1386 R.
165 1363 222 1394 ap.
244 1351 280 1385 S.
299 1350 348 1386 M.
368 1352 417 1386 M.
440 1351 521 1386 VIII
543 1350 640 1394 Sept.
664 1354 746 1386 1762
765 1351 804 1385 Ρ.
824 1362 882 1385 an.
904 1351 945 1384 V.

100 1460 201 1495 Ball.
221 1461 326 1496 Rom.

183 1582 255 1625 27.
293 1585 523 1636 Per-rupta
543 1588 712 1623 omnia.
738 1604 762 1610 -
792 1578 923 1620 Clem.
949 1578 1051 1619 XIII
1074 1578 1179 1619 Lud.
1217 1578 1357 1619 Const.
1394 1577 1605 1619 Cardinali
1627 1577 1677 1618 de

101 1649 266 1702 Rohan,
290 1663 397 1704 quae
433 1651 477 1690 in
511 1664 622 1691 cons.
648 1664 753 1691 secr.
779 1650 842 1690 III
879 1651 1003 1691 huius
1038 1650 1192 1691 mensis
1226 1655 1321 1691 acta
1355 1653 1452 1690 sunt
1480 1648 1679 1689 adversus

103 1721 381 1764 saecularium
416 1721 562 1762 Gallio.
601 1723 716 1774 regni
752 1722 890 1762 curias
926 1720 1145 1774 significat,
1182 1721 1372 1762 hortatur
1400 1725 1447 1761 ut
1476 1720 1677 1761 alacriore

102 1793 349 1835 strenuitate
370 1792 584 1833 Ecclesiae
604 1806 773 1846 operam
793 1792 1007 1833 adhibeat.

102 1858 144 1892 R.
164 1870 221 1900 ap.
242 1858 292 1893 M.
312 1858 360 1892 M.
381 1857 461 1893 VIII
479 1857 577 1900 Sept.
600 1860 683 1892 1762
702 1859 742 1892 Ρ.
762 1868 820 1892 an.
842 1858 881 1891 V.

99 1967 197 2000 Buzl.
218 1968 322 2002 Rom.

183 2088 254 2130 28.
292 2089 567 2130 permolesta
589 2088 682 2128 tzhe‘.
709 2110 733 2114 -
753 2084 883 2125 Clem.
909 2083 1010 2124 XIII
1046 2085 1228 2124 Antonio
1250 2082 1461 2124 Cardinali
1483 2083 1534 2125 de
1561 2082 1681 2124 Choi-

100 2156 188 2198 seul
225 2155 431 2208 significat
465 2169 508 2197 se
543 2156 587 2196 in
618 2156 861 2196 consistorio
893 2160 1053 2196 secreto
1091 2154 1155 2195 III
1190 2154 1303 2207 Sept.
1330 2155 1551 2196 rescidisse
1587 2160 1682 2195 acta

101 2240 393 2281 supremarum
413 2227 621 2268 Gallicani
652 2228 767 2279 regni
798 2227 1007 2267 curiarum
1040 2225 1190 2279 quibus
1220 2223 1260 2265 S.
1286 2224 1320 2266 Ι.
1345 2224 1606 2276 Institutum,
1630 2224 1682 2266 ab

101 2297 293 2339 Ecclesia
314 2297 632 2350 comprobatum
654 2300 700 2337 ut
721 2297 850 2350 pium,
874 2296 1111 2338 declaratur
1130 2296 1322 2349 impium.

99 2363 143 2398 R.
163 2374 220 2407 ap.
242 2363 278 2398 S.
299 2363 347 2398 M.
368 2363 413 2397 M.
437 2363 520 2398 VIII
539 2362 637 2405 Sept.
659 2364 742 2396 1762
761 2362 801 2397 P.
822 2373 880 2396 an.
902 2363 944 2396 V.

98 2473 200 2506 Bzcll.
220 2473 325 2506 Rom.
345 2489 385 2495 —
400 2471 646 2514 Reiffenbery.
666 2470 784 2503 Mane.
806 2481 838 2513 p.
856 2472 985 2504 149.—
998 2470 1117 2504 Senscz

99 2528 176 2562 RR.
197 2526 274 2560 Pe.
297 2526 408 2560 Clem.
429 2526 870 2568 XIVpraedecessoram,
892 2527 975 2559 1776
993 2536 1024 2566 p.
1045 2526 1098 2558 80.

179 2651 252 2693 29.
289 2653 465 2694 Quanta
491 2650 733 2690 Gallicani.
759 2670 783 2675 —
800 2644 932 2686 Clem.
958 2643 1059 2685 XIII
1081 2643 1295 2685 Ioachimo
1316 2641 1439 2683 Card.
1464 2641 1514 2683 de
1535 2641 1681 2682 Bernis

100 2718 306 2771 significat
324 2731 370 2759 se
391 2717 553 2771 aliquot
582 2717 812 2767 curiarum,
835 2719 1078 2767 arroganter
1112 2713 1165 2755 ad
1194 2726 1316 2754 suum
1346 2712 1546 2753 iudicium
1568 2711 1611 2754 S.
1633 2711 1668 2753 I.

100 2789 346 2830 Institutum
366 2788 652 2830 revocantium
673 2791 767 2828 acta
788 2787 832 2827 in
852 2799 964 2827 cons.
990 2799 1094 2826 secr.
1118 2783 1182 2825 III
1203 2783 1316 2836 Sept.
1339 2782 1572 2824 rescidisse.

100 2855 140 2889 R.
159 2866 217 2897 ap.
236 2855 271 2889 S.
293 2855 341 2889 M.
361 2854 410 2888 M.
434 2853 515 2889 VIII
532 2853 630 2895 Sept.
653 2853 691 2887 Ρ.
711 2863 769 2887 an.
791 2852 832 2886 V.

99 2963 195 2996 Ball.
215 2963 321 2997 Rom.

181 3071 251 3117 30.
289 3076 395 3112 Cum
418 3071 596 3112 illatum
615 3070 756 3111 nobis.
781 3091 805 3097 -
823 3066 953 3108 Clem.
987 3064 1091 3107 XIII
1111 3065 1242 3106 Paulo
1262 3063 1385 3107 Card.
1420 3063 1471 3106 de
1504 3063 1672 3118 Luynes
