1989 3252
83 236 259 280 Urban.
280 235 410 278 VHI.
749 257 801 262 —
832 233 911 273 343
940 257 995 263 —
1533 233 1663 277 1634.

83 324 204 361 extra
224 323 414 373 tempora
434 321 477 359 et
497 316 654 371 absque
674 316 1022 359 dimissorialibus
1042 316 1094 358 ad
1114 317 1182 358 tit.
1219 315 1463 358 sufficientis
1495 315 1658 358 littera-

85 394 221 430 turae.

84 455 126 490 R.
146 466 204 497 ap.
224 454 259 489 S.
279 454 322 488 P.
338 453 495 489 XXVIII
512 453 620 487 Mart.
642 454 726 486 1635
744 452 785 486 Ρ.
805 462 863 486 an.
884 452 961 487 XII.

1270 563 1359 606 Rey.
1379 562 1465 596 bun.
1494 562 1551 597 VI.
1569 564 1611 596 59
1628 562 1662 596 b.

169 684 270 727 164.
308 688 380 725 Ex
399 683 545 724 debito
563 681 829 736 pastoralis.
855 703 880 709 -
902 677 1061 720 Urban.
1084 677 1203 729 VIII,
1226 677 1468 730 petentibus
1487 682 1591 719 rect.
1622 681 1664 719 et

85 753 222 806 presb.
248 752 343 794 coll.
367 751 410 795 S.
433 751 467 793 Ι.
487 752 530 792 in
552 764 645 803 opp.
668 749 937 791 Iaroslavien.
958 749 1244 791 Praemislien.
1267 748 1513 802 (Przemysl)
1530 748 1663 790 dioec.

87 823 258 864 mandat
294 822 458 864 officiali
498 822 682 874 episcopi
723 820 1009 862 Praemislien.
1064 825 1109 861 ut
1158 819 1198 861 d.
1236 819 1410 872 collegio
1459 819 1662 860 concedat

85 894 308 936 ecclesiam
330 895 376 935 B.
402 893 460 934 M.
484 892 536 934 V.
561 905 690 945 prope
713 892 751 931 d.
779 891 994 944 oppidum,
1018 891 1071 931 ab
1093 891 1193 932 eccl.
1220 890 1427 932 saeculari
1463 894 1506 931 et
1540 890 1662 931 colle-

84 966 198 1019 giata
219 965 258 1006 d.
283 978 378 1017 opp.
404 963 723 1016 dependentem,
748 976 843 1003 cum
866 962 1108 1003 coemiterio
1130 966 1172 1003 et
1193 960 1446 1002 domuncula
1466 960 1661 1001 adiacen-

87 1036 201 1077 tibus
222 1041 264 1077 et
283 1035 424 1077 areola
439 1048 583 1088 capac.
607 1035 656 1074 15
673 1033 737 1074 vel
756 1035 808 1074 20
825 1033 1063 1074 cubitorum
1080 1037 1123 1074 et
1142 1045 1270 1085 parvo
1287 1032 1422 1083 horto,
1442 1045 1494 1073 ex
1512 1031 1663 1085 quibus

88 1107 193 1148 nulli
223 1107 385 1147 fructus
405 1105 476 1146 sed
507 1104 658 1146 adsunt
679 1104 913 1145 oblationes
943 1105 1131 1145 incertae
1164 1105 1240 1144 100
1277 1102 1367 1143 flor.
1391 1102 1457 1143 vel
1479 1103 1531 1143 24
1566 1101 1659 1143 duc.

86 1179 178 1219 auri
200 1177 250 1218 de
270 1191 398 1229 cam.,
421 1176 473 1218 ab
496 1176 616 1216 Anna
636 1175 687 1216 de
708 1175 919 1227 Hemberg
950 1175 1114 1215 ducissa
1144 1175 1187 1214 in
1217 1174 1380 1226 Ostrog.
1404 1178 1447 1214 et
1472 1172 1665 1214 Palatina

84 1248 320 1290 Wolkiniae
341 1251 382 1289 et
403 1247 606 1288 bonorum
628 1245 884 1286 Iaroslavien
906 1245 1076 1286 domina
1096 1245 1266 1286 donata.

86 1315 127 1350 R.
146 1326 204 1358 ap.
226 1314 260 1348 S.
283 1314 322 1348 Ρ.
343 1314 396 1349 ΧΙ
413 1313 486 1346 kal.
509 1315 596 1355 Apr.
615 1315 698 1347 1634
718 1312 757 1346 Ρ.
780 1323 838 1345 an.
858 1312 937 1346 XII.

1309 1421 1397 1463 Rey.
1419 1419 1507 1452 hnlc.
1533 1420 1589 1453 Vl.
1608 1422 1662 1453 73.

169 1547 269 1590 165.
303 1547 557 1587 Salvatorc's
577 1549 629 1585 N.
653 1548 685 1584 I.
712 1548 751 1584 C.
790 1566 815 1572 -
849 1541 1009 1582 Urban.
1053 1540 1168 1592 VIII,
1207 1539 1447 1593 petentibus
1481 1544 1585 1581 rect.
1624 1543 1666 1580 et

87 1615 289 1668 collegial.
315 1613 410 1655 0011.
435 1613 475 1654 S.
501 1613 534 1655 I.
560 1612 758 1653 Borbonii
780 1626 903 1653 nunc.
928 1612 1135 1665 Aquensis
1155 1624 1292 1664 prom,
1311 1610 1483 1651 mandat
1498 1609 1666 1651 officiali

87 1686 389 1740 archiepiscopi
425 1685 588 1738 Aquen.
614 1688 660 1724 ut
695 1697 790 1724 cum
827 1683 866 1724 d.
906 1682 999 1724 0011.
1040 1696 1087 1723 eo
1122 1682 1208 1723 fine
1242 1686 1289 1722 ut
1324 1681 1500 1722 classem
1535 1694 1661 1722 unam

85 1759 410 1800 mathematicae
444 1756 638 1797 lectionis
688 1755 840 1796 addere
876 1755 1100 1807 pluresque
1138 1754 1357 1805 magistros
1391 1757 1663 1793 manutenere

83 1827 235 1875 v'aleat,
260 1830 377 1870 uniat
397 1829 628 1881 prioratum
650 1826 832 1867 ruralem
854 1825 923 1868 SS.
949 1825 1062 1866 Petri
1084 1833 1125 1866 et
1147 1824 1274 1865 Blasii
1303 1824 1353 1864 de
1384 1823 1550 1864 Soisson
1580 1823 1661 1863 loci

82 1900 132 1941 de
153 1899 356 1941 Turribus
377 1899 425 1940 Ο.
450 1899 492 1940 S.
516 1899 621 1950 Aug.
646 1911 738 1939 can.
762 1911 850 1950 reg.
876 1910 901 1937 a
921 1895 1274 1937 commendatario
1310 1894 1412 1936 Lud.
1452 1894 1503 1934 de
1539 1894 1662 1934 Revi-

83 1971 212 2012 liasco
232 1985 295 2025 pr.
320 1970 374 2012 U.
399 1970 433 2012 I.
458 1970 507 2011 D.
533 1969 559 2010 d
598 1969 680 2010 fine
712 1969 984 2021 resignatum,
1008 1981 1033 2008 a
1069 1967 1359 2020 praepositura
1393 1964 1659 2006 conventuali

82 2041 136 2084 N.
180 2042 298 2082 Dom.
343 2041 393 2082 de
432 2041 613 2093 Pignaco
656 2040 694 2080 d.
738 2039 836 2080 Ord.
874 2038 1124 2079 Forolivien.
1164 2037 1294 2078 dioec.
1338 2035 1659 2089 dependentem.

82 2112 150 2155 Fr.
176 2115 228 2154 24
249 2113 344 2153 duc.
368 2112 415 2153 In
439 2113 602 2164 signum
623 2111 917 2163 recognitionis
940 2114 1078 2149 rector
1098 2108 1137 2149 d.
1177 2108 1273 2148 coll.
1314 2108 1392 2148 tria
1426 2119 1553 2147 onera
1587 2119 1660 2146 seu

82 2188 168 2224 tres
191 2185 349 2225 caricas
369 2183 522 2224 bladae
543 2196 615 2223 seu
639 2195 796 2222 avenae
817 2180 969 2221 valoris
988 2183 1014 2220 4
1035 2193 1091 2220 sc.
1117 2179 1339 2233 quotannis
1370 2178 1498 2230 priori
1529 2176 1663 2217 solvat

82 2254 125 2294 in
148 2254 236 2295 loco
258 2254 309 2295 de
332 2254 524 2305 Pignaco.

84 2319 122 2353 R.
144 2331 202 2362 ap.
223 2320 258 2354 S.
280 2319 329 2352 M.
350 2320 385 2353 M
419 2319 497 2354 VIII
519 2318 591 2352 kal.
611 2318 697 2352 Maii
738 2320 817 2352 1634
836 2317 875 2350 P.
896 2327 954 2349 an.
979 2316 1053 2350 XII.

1259 2422 1342 2464 κερ.
1362 2421 1447 2455 buu.
1472 2421 1510 2453 V.
1530 2424 1605 2455 349.
1630 2421 1662 2453 b.

165 2550 264 2592 166.
300 2555 368 2591 ΕΒ
389 2550 590 2590 mz'zmclo
610 2549 750 2589 nobis.
775 2571 800 2575 —
834 2543 995 2586 Urban.
1020 2541 1138 2593 VIII,
1162 2542 1302 2582 citatis
1336 2540 1418 2582 litt.
1443 2540 1567 2581 Pauli
1601 2539 1660 2591 II,

85 2627 188 2664 Cum
214 2627 259 2662 ῑη
281 2621 488 2662 omnibus
508 2620 706 2665 z'wle'cz‘e's,
748 2618 869 2667 1465,
906 2629 944 2655 V.
984 2615 1040 2654 id.
1079 2612 1197 2663 Maii,
1236 2611 1475 2665 petentibus
1516 2610 1547 2651 F
1550 2610 1659 2651 erdi-

84 2689 220 2730 nando
241 2693 318 2742 epo
346 2696 388 2730 et
422 2689 553 2741 princ.
579 2687 777 2728 Leodien.
802 2700 875 2726 suo
912 2689 954 2725 et
979 2683 1154 2737 capituli
1188 2688 1230 2723 et
1264 2683 1455 2723 canonic.
1494 2694 1654 2722 necnon

82 2766 182 2801 rect.
208 2760 303 2801 coll.
328 2759 367 2800 S.
392 2759 425 2800 I.
453 2759 651 2800 Leodien.
676 2756 930 2806 nominibus,
952 2755 1125 2796 mandat
1154 2753 1447 2795 archidiacono
1478 2752 1579 2793 eccl.
1613 2758 1656 2792 et

82 2831 247 2872 officiali
281 2832 465 2884 episcopi
502 2830 754 2870 Namurcen.
793 2834 840 2869 ut
880 2827 1126 2868 confirment
1162 2826 1204 2866 in
1243 2825 1428 2866 favorem
1465 2824 1505 2864 d.
1529 2823 1655 2864 colle-

79 2903 132 2954 gii
169 2904 301 2955 pretio
340 2904 442 2943 1000
478 2906 583 2942 scut.
621 2900 904 2940 venditionem
942 2899 1088 2939 domus
1122 2897 1208 2937 sive
1243 2896 1392 2949 palatii
1425 2893 1655 2935 suburbani

79 2972 212 3014 Floris
234 2972 331 3013 Lilii
351 2986 475 3014 nunc.
495 2973 537 3012 in
558 2985 655 3024 agro
676 2969 873 3012 Leodien.
894 2982 943 3009 ac
964 2968 1123 3009 Daurat
1143 2972 1185 3008 et
1200 2966 1361 3018 Fragne
1378 2966 1506 3006 etiam
1529 2978 1651 3005 nunc.

80 3047 123 3084 et
138 3044 235 3084 aliis
249 3043 396 3084 vicinis
416 3042 592 3084 collibus
608 3042 730 3092 sitae,
748 3054 823 3094 per
838 3038 1047 3093 quondam
1069 3037 1301 3078 Arnoldum
1317 3050 1341 3077 a
1358 3034 1657 3077 Vacthendonc
