1989 3252
110 205 244 250 Alex.
265 204 370 250 VII.
773 227 826 234 -
855 203 935 245 367
963 227 1018 234 —
1556 206 1689 252 1656.

192 293 263 335 14.
295 290 443 343 Congr.
465 304 560 344 gen.
583 289 624 332 S.
648 289 952 344 Inquisitionis
973 315 999 321 -
1016 290 1238 332 Decretum
1259 291 1330 333 SS.
1356 291 1404 333 D.
1428 290 1482 333 N.
1502 292 1687 333 Alexan-

109 360 174 402 dri
204 360 300 413 VH,
330 375 529 414 responsa
557 361 598 403 d.
631 361 780 413 Congr.
814 361 867 402 ad
897 368 1077 415 quatuor
1106 363 1298 416 quaesita
1327 363 1686 404 missionariorum

109 431 150 474 S.
169 431 206 473 I.
223 432 336 485 apud
358 432 478 473 Sinas
498 431 566 484 (de
587 432 759 484 ieiunio,
783 432 917 484 festis,
940 432 1154 484 paschate,
1177 433 1429 487 quibusdam
1451 447 1687 475 sacramen-

106 502 278 554 talibus,
300 507 406 544 extr.
431 503 645 554 unctione,
666 501 863 555 gradibus
884 503 926 543 in
947 502 1044 543 aula
1063 502 1259 544 Confucii
1280 503 1550 557 accipiendis,
1574 517 1687 545 cere-

107 573 258 614 moniis
278 573 390 614 circa
409 572 644 626 defunctos)
676 572 962 625 approbantis.
986 572 1240 614 Referuntur
1269 588 1469 627 responsa
1499 574 1687 615 eiusdem

108 642 258 696 Congr.
276 643 329 684 ad
344 643 536 697 quaesita
551 643 796 696 praecipua,
814 656 883 684 an.
906 644 1010 684 1645
1032 645 1263 697 proposita,
1286 645 1561 686 missionariis
1583 644 1623 686 S.
1648 645 1683 686 Ι.

106 717 208 754 tunc
222 726 310 755 non
330 713 500 756 auditis.

104 780 147 814 23
164 779 274 813 Mart.
294 781 390 814 1656.

103 899 157 932 De
171 899 270 932 ritib.
291 899 545 933 Sin-ensium...
565 900 660 943 Auq.
689 898 830 933 Vindel.
850 905 882 933 et
897 899 1036 943 Diliny.
1056 900 1098 933 M
1100 899 1213 935 DCCI
1216 927 1222 933 .
1241 911 1278 943 p.
1299 902 1331 934 9.
1426 900 1578 934 Elench.
1599 900 1686 936 bun.

186 1022 257 1065 15.
291 1021 334 1061 S.
358 1018 506 1072 Congr.
530 1019 581 1061 de
601 1033 719 1073 prop.
743 1020 826 1062 fide
846 1045 872 1050 —
893 1020 1135 1062 Decretum.
1157 1019 1222 1061 Ad
1242 1021 1492 1062 relationem
1514 1021 1607 1062 Em.
1633 1021 1683 1061 D·

104 1090 228 1133 Card.
250 1090 446 1132 Cecchini
468 1090 510 1132 S.
534 1090 806 1144 Congregatio
827 1091 908 1133 fuit
927 1092 972 1132 in
992 1098 1088 1133 voto
1110 1105 1231 1145 posse
1252 1093 1468 1145 prorogari
1497 1091 1551 1133 ad
1572 1092 1687 1133 aliud

100 1163 366 1215 septennium
401 1162 624 1203 facultates
659 1163 765 1203 alias
798 1176 1016 1204 concessas
1050 1163 1098 1204 P.
1136 1162 1313 1204 Nicolao
1345 1176 1370 1204 a
1399 1162 1439 1204 S.
1464 1162 1687 1204 Geneveva

102 1231 201 1287 Sup.
226 1232 350 1275 resid.
375 1232 458 1274 PP.
481 1231 523 1275 S.
547 1232 583 1275 Ι.
606 1234 648 1274 in
669 1234 747 1275 civ,
773 1232 1011 1287 Cpolitana,
1035 1233 1260 1275 dummodo
1291 1233 1499 1287 obligetur
1519 1233 1572 1275 ad
1594 1248 1686 1286 pro-

101 1304 334 1346 ducendam
351 1304 493 1357 praed.
513 1304 824 1358 expeditionem
840 1305 919 1346 fac.
943 1304 989 1347 R.
1009 1305 1333 1359 Archiepiscopo
1350 1305 1513 1358 Myren.
1533 1303 1682 1347 suffra-

102 1387 234 1428 ganeo
268 1378 311 1416 et
343 1375 422 1415 vie.
460 1375 731 1428 patriarchali
768 1380 969 1429 tanquam
990 1376 1071 1416 loci
1107 1375 1161 1417 ad
1182 1389 1378 1429 praesens
1400 1375 1636 1418 Ordinario.
1661 1400 1687 1407 -—

102 1444 154 1489 R.
178 1444 299 1487 Card.
325 1444 577 1500 Capponius.

101 1515 122 1546 4
138 1513 226 1555 Apr.
248 1514 344 1547 1656.

1269 1623 1355 1666 Ray.
1374 1623 1463 1657 buu.
1488 1622 1547 1657 VI.
1570 1625 1633 1658 132
1651 1623 1686 1658 b.

181 1742 252 1786 16.
285 1740 327 1783 S.
345 1740 494 1794 Congr.
514 1754 582 1794 ep.
601 1745 643 1782 et
664 1754 748 1794 reg.
768 1765 794 1771 —
814 1740 1040 1782 Decretum
1061 1742 1103 1782 in
1124 1755 1251 1783 causa
1272 1742 1318 1784 P.
1338 1741 1531 1783 Andreae
1549 1741 1680 1784 Clem.

103 1811 154 1853 de
175 1811 320 1853 Voisin
341 1811 447 1865 prof.
469 1814 496 1853 4
516 1818 598 1853 vot.
623 1811 665 1854 S.
688 1811 722 1853 I.
752 1813 935 1865 petentis
964 1814 1188 1854 transitum
1219 1827 1293 1855 seu
1323 1812 1681 1854 confirmationem

102 1883 304 1925 transitus
324 1883 377 1924 ad
397 1883 642 1937 religionem
662 1882 702 1925 S.
727 1882 906 1937 Spiritus
926 1885 968 1924 in
998 1883 1153 1936 Gallia,
1185 1884 1258 1925 ubi
1287 1884 1369 1924 fuit
1398 1884 1647 1937 rescriptum
1672 1898 1681 1925 :

101 1952 234 1996 Nihil.

101 2021 145 2055 26
160 2018 250 2055 Maii
268 2020 366 2054 1656.

1427 2128 1577 2164 Elemh.
1596 2128 1685 2164 buu.

182 2249 247 2293 17.
280 2247 330 2289 A.
354 2245 401 2289 F.
424 2246 474 2289 R.
499 2245 557 2289 M.
589 2250 718 2291 Alias
737 2248 795 2302 fe.
812 2263 875 2291 re.
900 2253 1203 2292 Innocentius.
1226 2247 1349 2288 Alex.
1384 2246 1478 2300 VII,
1513 2252 1684 2301 petente

101 2318 291 2360 Goswino
312 2317 438 2359 Nikel
460 2318 610 2371 Praep.
632 2317 736 2359 Gen.
759 2318 800 2360 S.
823 2317 857 2359 Ι.
883 2322 1088 2359 statutum
1110 2317 1254 2359 Innoc.
1275 2317 1329 2370 X,
1351 2320 1369 2359 1
1394 2317 1488 2359 Ian.
1510 2320 1613 2359 1646
1637 2323 1683 2359 ut

101 2402 325 2430 munera...
350 2393 498 2429 vacent
517 2395 560 2429 et
580 2389 654 2442 qui
673 2388 757 2429 illis
778 2387 912 2429 functi
932 2388 1138 2429 fuerint...
1158 2401 1232 2440 per
1251 2402 1348 2429 aun.
1382 2401 1477 2429 cum
1503 2387 1677 2429 dimidio

102 2462 317 2501 cessent...
342 2458 395 2500 ad
415 2459 728 2513 sesquiennium
749 2458 982 2513 suspendit.

102 2525 144 2561 R.
163 2537 223 2568 ap.
242 2525 279 2559 S.
297 2525 347 2560 M.
367 2525 415 2560 M.
434 2525 556 2560 XXIV
573 2525 640 2560 Iul.
662 2527 747 2560 1656

99 2580 221 2622 (Nota.
244 2579 307 2613 Die
323 2583 343 2614 7
359 2580 427 2614 Iul.
448 2582 531 2615 1657
547 2590 693 2623 prorog.
713 2579 759 2613 ad
775 2579 876 2613 ahud
890 2579 1069 2622 sesquien.
1088 2598 1130 2603 —
1146 2579 1211 2614 Die
1228 2582 1270 2614 23
1297 2581 1389 2623 Aug.
1411 2582 1495 2614 1658
1522 2590 1618 2622 pror.
1636 2579 1683 2614 ad

99 2633 232 2669 trienn.
251 2652 294 2658 -
311 2634 377 2669 Die
392 2637 412 2669 Ἰ
431 2635 515 2668 Dee.
536 2636 618 2670 1661
635 2644 698 2677 per
714 2644 801 2668 ann.
818 2637 837 2667 4
854 2633 892 2667 in
912 2634 1053 2677 Europa
1071 2639 1106 2668 et
1123 2636 1142 2667 8
1162 2644 1264 2668 extra
1283 2635 1479 2677 Europam.

1261 2755 1343 2798 κερ..
1368 2753 1456 2788 buu.
1480 2753 1542 2786 VJ,
1564 2756 1626 2789 135
1642 2753 1677 2786 b.

182 2876 250 2920 18.
283 2874 333 2915 A.
352 2873 397 2916 F.
417 2873 466 2914 R.
489 2874 546 2916 M.
567 2877 696 2918 Alias
714 2876 773 2929 fe.
795 2888 858 2917 re.
882 2879 1184 2916 Innocentius.
1209 2896 1234 2902 —
1255 2872 1374 2913 Alex.
1394 2871 1492 2924 VII,
1511 2876 1681 2925 petente

100 2945 290 2987 Goswino
311 2944 436 2985 Nikel
451 2944 600 2997 Praep.
619 2943 725 2985 Gen.
746 2944 789 2985 S.
812 2943 866 2996 L,
885 2948 1090 2984 statutum
1110 2957 1185 2984 seu
1205 2943 1369 2984 litteras
1388 2942 1622 2984 Innocentii
1639 2941 1678 2983 X

98 3015 430 3071 praedecessoris
452 3017 471 3055 1
494 3014 586 3056 Ian.
612 3017 716 3057 1646
737 3014 858 3056 datas
881 3018 929 3056 ut
958 3027 1148 3067 munera,
1180 3015 1512 3067 superioritates‚
1543 3013 1677 3055 admi·
