1989 3252
45 196 188 241 Clem.
208 195 294 238 XI.
705 219 760 225 —-
787 196 865 237 431
898 219 952 226 —-
1483 198 1615 242 1704.

123 283 193 326 18.
231 284 277 322 A.
302 280 348 322 P.
373 281 424 323 R.
449 280 506 324 M.
531 287 640 325 Cum
659 288 775 327 sicul
795 286 1071 338 accepimus.
1095 307 1121 314 -
1141 283 1274 325 Clem.
1298 282 1359 324 IX
1390 283 1620 325 confrater-

41 352 164 393 nitati
185 352 403 405 utriusque
424 366 549 394 sexus
581 352 660 393 sub
681 354 815 394 invoc.
838 351 879 394 S.
904 352 1072 406 Iosephi
1108 355 1152 395 in
1172 356 1252 396 civ.
1276 354 1499 396 Pekinensi
1522 369 1618 396 con-

41 422 152 464 cedit
185 422 271 463 ind.
294 423 409 475 plen.
434 423 477 463 111
508 422 574 464 (116
604 424 829 476 ingressus,
851 425 895 464 111
930 426 1077 465 mortis
1115 426 1310 477 articulo,
1334 430 1376 466 et
1411 425 1479 466 die
1514 426 1622 468 festo

39 493 264 548 principali
285 494 663 546 confraternitatis,
686 494 875 548 aliasque
895 496 1112 548 partiales.

36 559 80 594 R.
100 570 158 603 ap.
179 559 215 594 S.
233 559 289 596 M:
305 560 355 593 M.
374 559 483 595 XXX
501 560 588 595 Maii
609 562 692 595 1704
711 560 753 595 Ρ.
771 571 830 594 an.
848 560 911 596 IV.

1247 671 1337 715 Κεφ.
1357 672 1444 706 bull.
1472 672 1548 707 VII.
1569 675 1622 708 85.
1696 696 1698 698 -

122 781 189 824 19.
223 779 273 820 A.
299 779 344 822 Ρ.
367 780 418 822 R.
443 780 500 822 M.
529 787 636 824 Cum
656 788 772 824 secut
791 789 1066 837 accepimus.
1090 804 1116 811 -
1145 780 1280 823 Clem.
1303 780 1364 822 XI
1393 782 1621 824 confrater-

38 849 163 890 nitati
191 850 408 904 utriusque
441 864 565 892 sexus
600 851 676 891 sub
712 852 846 892 invoa.
871 850 912 892 S.
937 850 1105 904 Iosephi
1141 852 1185 892 in
1220 852 1372 906 oppido
1407 852 1618 907 Xinzijam

39 918 242 962 Pekinen.
266 934 339 962 seu
360 921 534 962 alterius
555 922 792 963 dioeceseos
813 922 1004 963 concedit
1025 926 1200 967 similes
1218 926 1550 980 indulyentms.

41 985 84 1020 R.
102 996 159 1028 ap.
181 986 217 1020 S.
237 987 285 1021 M.
306 987 354 1022 M.
374 987 481 1021 XXX
500 987 588 1021 Maii
610 990 692 1022 1704
711 987 752 1022 P.
772 998 829 1023 an.
850 987 911 1022 IV.

1238 1099 1327 1142 Rey.
1347 1099 1434 1133 bun.
1465 1099 1546 1134 VII.
1567 1103 1619 1135 88.

122 1206 193 1250 20.
228 1208 299 1249 Ad
318 1209 595 1263 auqendam.
620 1231 645 1237 -
665 1206 795 1250 Clem.
820 1206 879 1248 XI
909 1207 1261 1249 Christifidelibus
1292 1210 1364 1263 qui
1395 1209 1618 1251 ecclesiam

40 1274 80 1317 S.
113 1274 281 1329 Iosephi
318 1277 397 1318 civ,
434 1277 682 1321 Pekinensis
717 1278 784 1319 die
821 1279 925 1320 festo
959 1278 1147 1320 eiusdem
1178 1278 1321 1321 Sancti
1357 1282 1620 1321 visitaverint

37 1345 150 1400 plen.
173 1346 332 1401 indulg.
356 1348 561 1390 concedit.
588 1349 650 1390 Ad
673 1351 722 1391 15
744 1364 889 1392 annos

39 1410 82 1446 R.
101 1422 159 1455 ap.
181 1411 216 1448 S.
235 1412 285 1448 M.
307 1413 356 1448 M.
375 1412 443 1449 XII
460 1414 539 1449 Iun.
561 1417 644 1450 1704
664 1415 702 1449 Ρ.
723 1427 781 1449 an.
802 1415 863 1451 IV.

1242 1527 1329 1571 Req.
1352 1527 1441 1561 bun.
1472 1526 1549 1560 VII.
1570 1529 1622 1561 84.

123 1632 194 1675 21.
226 1629 275 1671 In
296 1644 436 1683 congr.
458 1645 552 1684 gen.
576 1630 617 1673 S.
642 1632 691 1673 R.
716 1638 758 1673 et
779 1631 832 1674 U.
857 1632 929 1696 I.···
952 1634 1088 1676 relata
1108 1635 1358 1677 instantia...
1384 1635 1429 1677 P.
1454 1635 1623 1677 Ioannis

41 1698 92 1742 de
110 1699 240 1741 Bruin
272 1700 313 1743 S.
336 1701 371 1743 I.
395 1704 598 1755 praefecti
634 1703 878 1744 missionum
916 1704 1049 1745 eiusd.
1075 1704 1117 1746 S.
1142 1706 1182 1746 in
1224 1707 1447 1759 provinciis
1489 1706 1621 1759 Belgii

38 1770 263 1813 foederatis
283 1772 324 1814 S.
344 1772 384 1815 S.
403 1774 619 1815 renovavit
639 1774 865 1816 facultates
881 1775 986 1816 alias
1002 1776 1040 1816 ei
1056 1789 1275 1818 concessas
1291 1776 1344 1818 ad
1361 1776 1477 1818 aliud
1493 1778 1623 1819 trien—

39 1841 156 1883 nium
172 1842 265 1896 (cfr.
289 1857 330 1885 n.
354 1845 415 1896 4).

39 1907 79 1942 F.
98 1910 119 1942 5
134 1908 193 1943 die
209 1910 252 1946 28
270 1909 364 1952 Aug.
383 1910 479 1944 1704.

1248 2022 1337 2066 περ.
1357 2023 1445 2057 bun.
1467 2024 1544 2058 νη.
1565 2026 1621 2059 85.

121 2138 193 2182 22.
225 2136 352 2190 Cong.
376 2151 460 2179 sao.
485 2139 555 2180 rit.
578 2163 604 2169 —
625 2138 833 2181 Sinarum.
872 2139 936 2181 Ad
967 2140 1228 2182 humillimas
1259 2154 1406 2195 preces
1437 2142 1485 2184 P.
1519 2144 1618 2185 Ant.

4 2260 13 2266 .
41 2205 222 2250 Thomas
246 2208 286 2250 S.
325 2209 361 2250 I.
396 2214 439 2251 et
463 2210 692 2263 vice-prov.
729 2210 915 2253 Sinensis
951 2211 1256 2254 moderatoris..
1295 2212 1444 2267 Congr.
1479 2215 1618 2256 indul-

2 2269 12 2302 i
41 2279 146 2322 sit...
183 2279 363 2321 officium
406 2280 448 2322 S.
485 2280 669 2335 Iosephi,
707 2283 873 2336 patroni
915 2284 1103 2336 primarii
1139 2284 1364 2336 missionis,
1408 2286 1535 2327 semel
1578 2287 1620 2326 in

1 2347 199 2402 ⁴*mensa
222 2350 298 2392 sub
318 2351 402 2392 ritu
423 2352 701 2406 semiduplici.
724 2378 779 2384 —
811 2353 858 2395 G.
885 2353 1006 2395 Gard.
1030 2353 1277 2407 Carpineus‚
1299 2355 1348 2397 B.
1387 2355 1619 2409 Inghirami

3 2435 13 2445 ⁴
42 2419 156 2463 Secr.

4 2492 17 2534 J
42 2484 106 2520 Die
126 2488 166 2521 13
183 2487 282 2530 Sept.
302 2490 398 2524 1704.

39 2541 152 2577 Nota.
171 2545 191 2578 2
208 2543 312 2578 Febr.
331 2547 415 2579 1705
428 2532 494 2579 fuit
510 2545 733 2589 propositum
749 2546 784 2580 S.
808 2547 848 2583 D.
866 2548 939 2582 N1·o
953 2547 1051 2589 quod
1068 2558 1136 2581 non
1152 2551 1294 2583 constet
1309 2549 1455 2590 quando
1472 2548 1508 2583 S.
1524 2549 1621 2584 Iose-

0 2601 5 2606 “
39 2595 132 2640 phus
148 2608 212 2641 pro
231 2603 381 2641 patrono
398 2599 568 2642 primario
593 2600 803 2635 iamdudum
829 2602 966 2635 electus
991 2613 1011 2636 a
1042 2601 1283 2636 missionariis
1301 2602 1446 2643 Simois,
1469 2615 1530 2645 pro
1557 2604 1620 2638 tali

3 2657 16 2695 j
41 2652 279 2687 confirmatus
297 2654 406 2688 fuerit
422 2665 443 2687 a
470 2654 505 2688 S.
526 2655 656 2698 Congr.
677 2655 733 2690 rit.
754 2656 918 2698 adeoque
948 2661 1073 2700 rogata
1093 2655 1129 2690 S.
1150 2657 1230 2691 S....
1251 2668 1283 2691 v.
1304 2669 1334 2691 v.
1355 2658 1502 2692 oraculo
1530 2659 1620 2692 elec-

41 2704 174 2740 tionem
193 2710 308 2741 ratam
327 2707 455 2743 habuit
472 2727 512 2732 —
532 2708 576 2742 H.
597 2709 778 2744 oliverius
795 2721 814 2744 e
833 2709 868 2744 S.
889 2709 918 2745 1.

1255 2821 1340 2863 Rey.
1360 2821 1448 2855 bun.
1471 2820 1546 2855 VLI.
1565 2822 1607 2855 93

125 2936 196 2981 23.
230 2935 453 2977 Decretum
474 2936 544 2978 SS.
578 2936 628 2978 D.
654 2936 706 2979 N.
730 2936 958 2979 Clementis
988 2936 1065 2990 XI,
1088 2938 1377 2981 confirmantis
1398 2940 1442 2980 in
1476 2952 1616 2993 congr.

3 3005 30 3061 ᾖ
44 3017 135 3057 gen.
160 3006 202 3048 S.
226 3006 514 3060 Inquisitionis
529 3021 727 3062 responsa
746 3008 786 3050 d.
812 3007 958 3062 Congr.
978 3009 1031 3050 ad
1051 3011 1243 3064 quaesita
1259 3011 1303 3052 in
1319 3024 1446 3052 causa
1461 3012 1619 3053 rituum

19 3181 38 3190 «-

0 3209 44 3252 e>
