1989 3252
285 210 463 254 Urban.
487 209 618 254 VIII.
959 235 1014 241 —-
1043 213 1122 253 350
1152 236 1207 244 -
1745 215 1875 258 1643.

372 297 472 342 193.
505 295 632 350 Cong.
654 296 697 339 S.
720 296 807 339 Rit.
830 322 856 329 —
886 297 1146 340 Recanaten.
1170 299 1251 340 Pro
1282 299 1569 340 anniversario
1600 297 1878 341 dedicationis

285 365 489 407 ecclesiae
511 366 600 408 dies
621 372 761 410 certus
782 382 856 423 per
876 370 1121 423 episcopum
1143 371 1240 424 eligi
1262 370 1388 412 debet
1407 383 1485 411 1100
1506 370 1591 411 iam
1613 370 1781 412 mutari.

287 435 323 466 11
346 432 435 467 Nov.
458 435 552 468 1641.

289 540 517 584 Gardellini,
538 544 636 579 1353.

369 665 469 708 194.
502 669 646 708 mstis
674 671 714 709 et
742 668 960 710 honestis.
997 691 1024 696 -
1059 664 1221 708 Urban.
1258 665 1378 720 VIII,
1414 667 1655 720 petentibus
1695 671 1797 709 rect.
1835 672 1878 709 et

285 733 422 787 presb.
466 735 562 776 0011.
601 735 641 777 S.
680 735 715 776 I.
757 737 1056 790 Mediolanen.,
1099 738 1272 779 mandat
1309 739 1390 781 vic.
1432 753 1525 791 gen.
1569 739 1876 793 archiepiscopi

286 804 568 847 Mediolaneu.
601 811 648 847 ut
678 807 898 849 confirmet
930 810 1284 861 permutationem
1315 810 1605 862 possessionis,
1629 810 1877 851 0110118010-

284 876 410 917 tionis
446 875 636 919 decimae
672 891 772 931 erga
805 879 978 932 paroch.
1003 879 1214 921 0001.1001
1250 880 1302 921 de
1338 880 1558 933 Dergheno
1595 894 1634 922 0.
1669 880 1800 922 dioec.
1834 882 1878 922 in

288 949 365 988 160
387 947 507 988 libris
528 949 820 1002 imperialibus
841 950 1040 992 solvendo
1061 950 1270 992 obnoxiae
1306 965 1374 993 an.
1392 953 1494 993 1621
1513 951 1663 993 Ioanni
1679 951 1876 994 P.Bimio

283 1017 496 1071 venditae,
519 1033 594 1072 pro
625 1020 761 1062 altera
782 1021 833 1062 de
868 1021 1082 1063 Landonio
1117 1037 1241 1064 nunc.
1267 1022 1320 1064 ab
1342 1024 1455 1064 omni
1476 1023 1641 1064 decima
1662 1023 1809 1076 libera,
1832 1024 1877 1064 in

283 1090 393 1132 hanc
412 1091 556 1145 praed.
581 1106 708 1134 onere
729 1106 798 1134 an.
825 1094 932 1134 1630
953 1094 1172 1136 translato.

285 1157 326 1192 R.
346 1169 403 1201 ap.
425 1158 460 1191 S.
483 1159 520 1193 P.
542 1159 606 1193 XV
627 1158 699 1192 kal.
720 1160 796 1194 Ian.
822 1162 900 1194 1641
922 1160 962 1194 Ρ.
982 1172 1040 1194 an.
1063 1161 1161 1196 XIX.

1521 1273 1608 1315 Rey.
1631 1275 1716 1306 bull.
1745 1273 1804 1308 VI.
1823 1275 1877 1308 83.

369 1392 468 1436 195.
503 1390 545 1432 S.
582 1390 709 1444 Cong.
750 1390 920 1434 Indicis.
945 1417 971 1423 —
1004 1391 1188 1433 Damnat
1220 1396 1263 1434 et
1293 1392 1487 1446 prohibet
1520 1392 1675 1434 librum
1701 1409 1708 1434 :
1745 1400 1804 1438 De
1832 1397 1878 1438 la

283 1464 548 1506 hierarchie
567 1468 607 1507 et
635 1466 689 1507 de
710 1478 828 1507 ceux
855 1471 935 1520 qua·
954 1467 999 1507 la
1027 1470 1304 1521 composcnt,
1324 1478 1401 1518 par
1416 1464 1455 1506 le
1476 1463 1523 1506 P.
1548 1463 1596 1506 L.
1621 1463 1772 1517 Cellot,
1795 1465 1870 1507 108.

282 1532 333 1574 de
355 1533 488 1576 Paris.

281 1598 386 1634 XXII
407 1599 479 1632 Ian.
502 1602 599 1635 1642.

281 1710 378 1742 Ann.
403 1710 448 1743 de
465 1711 503 1744 la
521 1710 554 1744 S.
576 1713 640 1743 des
655 1713 801 1744 soi-dis.
820 1712 979 1745 stuc'tes
995 1711 1067 1749 III,
1085 1714 1162 1746 715.

365 1832 466 1875 196.
503 1834 760 1890 pastoralis
780 1837 933 1886 Officii.
952 1857 978 1862 —
999 1831 1162 1873 Urbani
1183 1831 1287 1873 VIII
1309 1832 1556 1874 revalidatio
1577 1834 1874 1876 nonnullarum

280 1900 589 1953 professionum
612 1903 653 1943 111
674 1900 713 1944 S.
740 1902 774 1944 I.
799 1917 882 1945 11011
904 1905 985 1945 rite
1007 1905 1271 1946 emissarum.

279 1969 321 2000 29
338 1968 414 2002 lan.
437 1970 531 2003 1642.

1613 2083 1764 2117 Elench.
1786 2083 1873 2119 hall.

360 2204 459 2246 197.
494 2201 620 2254 Cong.
655 2201 696 2243 S.
730 2201 815 2244 Rit.
840 2227 865 2232 —
886 2201 1145 2244 Macer-atem.
1181 2202 1378 2256 Spectare
1414 2203 1466 2245 ad
1497 2202 1733 2244 sacerdotes
1763 2203 1804 2245 S.
1829 2203 1864 2245 I.

276 2272 413 2314 officia
433 2273 642 2314 funeralia
661 2287 787 2326 super
822 2273 1046 2326 defunctis,
1070 2276 1134 2315 sin
1157 2289 1231 2327 per
1252 2289 1296 2316 se
1319 2289 1402 2316 11011
1433 2274 1604 2327 faciant,
1639 2288 1713 2328 per
1744 2288 1864 2328 paro-

276 2343 418 2397 chum,
443 2358 524 2385 non
547 2359 621 2398 per
642 2344 748 2386 alios
769 2349 936 2387 exteros
958 2345 1226 2399 presbyteros
1248 2346 1454 2387 facienda.

278 2412 318 2445 lO
336 2411 412 2444 Mai
431 2413 527 2446 1642.

279 2519 505 2564 Gamalam,
527 2523 625 2555 1380.

360 2643 442 2685 198
492 2641 540 2682 A.
565 2641 613 2684 P.
651 2641 701 2683 R.
736 2641 793 2684 M.
820 2649 1057 2687 Honorum
1079 2646 1465 2699 (lz'fflzz'caczmeque.
1498 2668 1524 2673 —
1555 2642 1660 2684 Urb.
1685 2641 1786 2683 VIII
1818 2642 1870 2684 de

276 2716 370 2752 voto
405 2713 589 2765 simplici
625 2713 908 2765 professorum
945 2713 985 2754 S.
1025 2713 1057 2754 Ι.
1098 2727 1180 2754 11011
1216 2712 1470 2766 procurandi
1506 2719 1579 2754 aut
1615 2713 1865 2766 acceptandi

276 2782 539 2836 dignitatem,
563 2783 751 2825 declarat
788 2785 860 2826 illo
897 2785 1072 2837 obligari
1107 2784 1301 2825 dimissos
1336 2790 1378 2825 et
1399 2784 1624 2827 translatos
1663 2785 1716 2826 ad
1738 2785 1866 2826 aliam

275 2854 520 2907 religionem
544 2868 620 2896 nec
642 2869 760 2908 posse
783 2855 1017 2909 dispensari
1040 2857 1118 2896 nisi
1140 2870 1163 2896 a
1186 2855 1235 2897 R.
1262 2855 1483 2897 Pontifice.

275 2922 316 2955 R.
336 2932 393 2963 ap.
415 2924 449 2955 S.
474 2922 511 2955 l'.
532 2922 654 2957 XXVI
675 2922 778 2956 Febr.
804 2926 888 2958 1643
908 2923 948 2956 Ρ.
969 2934 1028 2956 an.
1048 2923 1130 2956 XX.

272 3043 367 3077 Nov.
388 3043 477 3077 buil.
499 3043 533 3078 S.
552 3044 584 3078 Ι.
608 3046 681 3078 174.
1608 3044 1758 3078 Elench.
1779 3046 1869 3077 bull.
