1989 3189
260 203 406 246 Pauli.
421 202 472 245 V.
941 225 995 231 —
1024 203 1103 242 240
1133 226 1188 233 -
1720 207 1848 251 1607.

260 289 466 330 fructibus
483 289 690 341 prioratus
715 290 756 328 S.
785 289 954 329 Martini
971 288 1022 330 de
1048 290 1279 342 1.egugia00
1300 291 1478 343 collegio
1503 291 1544 332 S.
1570 291 1602 332 I.
1634 292 1846 335 Pictaven.

261 361 381 400 uniti.

261 426 301 459 lt.
323 437 379 467 ap.
402 425 436 458 S.
460 425 499 458 P.
520 425 569 460 IV
590 435 671 457 non.
697 424 781 458 Mai.
807 427 888 460 1607
908 425 946 459 P.
967 436 1025 458 an.
1046 426 1091 461 II.

1415 521 1501 564 κερ.
1523 521 1611 556 buza.
1632 522 1698 558 JV.
1722 525 1794 556 110.
1816 523 1849 556 b.

344 631 417 674 43.
457 631 631 671 [hulam
654 630 714 682 fe.
737 643 799 671 re.
821 631 1021 671 Clemens
1043 635 1173 684 Papa
1199 635 1314 671 VIII.
1339 653 1364 659 —
1392 629 1506 670 Paul.
1531 628 1567 670 V
1589 644 1707 671 sacra
1728 632 1849 672 anni-

262 700 462 750 versaria,
486 699 648 752 vigilias
668 703 927 740 mortuorum
949 704 991 740 et
1011 700 1234 753 exsequias
1255 704 1298 741 et
1318 713 1595 754 quaecunque
1616 701 1701 743 alia
1721 716 1850 744 onera

261 770 498 824 spiritualia
538 770 666 811 etiam
707 783 802 810 cum
843 771 1118 811 coeremoniis
1154 771 1287 812 cereis
1322 776 1364 812 et
1393 776 1517 813 cantu
1548 786 1623 826 pro
1653 773 1849 815 fundato—

260 842 376 883 ribus
406 840 609 895 simplicis
639 840 836 882 beneficii
866 840 918 882 ad
949 841 1081 882 altare
1112 840 1195 882 XII
1227 847 1360 896 apost.
1396 844 1438 883 in
1470 843 1570 884 eccl.
1609 844 1650 886 S.
1687 845 1849 898 Aegidii

260 914 435 967 collegio
456 912 681 954 Graecensi
706 913 749 953 S.
774 912 807 954 I.
833 926 908 965 per
927 911 1058 954 Clem.
1092 911 1196 953 VIII
1226 914 1350 964 uniti,
1383 920 1616 956 commutat
1644 917 1687 956 in
1718 930 1849 958 unum

261 999 425 1026 sacrum
448 985 602 1025 missae
624 983 761 1025 sacrif.
786 985 1011 1038 quotannis
1031 984 1345 1026 celebrandum.

261 1052 302 1086 R.
323 1063 380 1094 ap.
403 1051 437 1085 S.
461 1052 505 1085 M.
527 1051 669 1086 XXVII
684 1051 764 1086 Iun.
787 1053 871 1085 1607
892 1052 930 1086 P.
949 1062 1007 1085 an.
1026 1051 1087 1087 111.

1438 1150 1524 1193 Rey.
1544 1151 1633 1184 bulz.
1654 1151 1719 1186 IV.
1740 1155 1794 1188 49.
1815 1153 1848 1186 b.

345 1264 421 1307 44
457 1264 628 1305 Decium
650 1263 708 1316 fe.
732 1276 794 1304 νυ.
821 1264 952 1305 Clem.
977 1268 1027 1304 P.
1059 1267 1175 1304 VIII.
1195 1285 1220 1291 -
1237 1260 1357 1302 Paul.
1382 1259 1419 1302 V
1436 1266 1581 1306 sz'mz'lz'
1594 1265 1751 1317 forma
1765 1278 1850 1320 pro

261 1333 363 1375 eccl.
389 1333 437 1374 B.
463 1332 623 1374 Mariae
655 1333 898 1374 monasterii
921 1333 997 1374 SS.
1021 1332 1136 1374 Trin.
1162 1332 1212 1374 de
1244 1332 1477 1374 Pletriarch
1507 1333 1681 1387 collegio
1714 1334 1847 1376 Laba-

260 1406 374 1447 censi
394 1405 528 1446 unita.

262 1471 304 1506 R.
324 1483 381 1514 ap.
401 1471 436 1505 S.
458 1471 506 1505 M.
526 1470 668 1506 XXVII
683 1470 764 1506 Iun.
788 1473 870 1506 1607
888 1470 929 1505 Ρ.
951 1481 1010 1506 an.
1029 1471 1091 1507 ΠΙ.

1493 1571 1579 1614 Rey.
1600 1574 1686 1605 bull.
1707 1571 1775 1607 IV.
1795 1574 1848 1607 50.

343 1683 417 1727 45.
451 1689 500 1725 In
536 1696 752 1738 supremo
790 1683 1090 1736 Apostolieae.
1131 1704 1157 1710 —
1192 1680 1313 1722 Paul.
1352 1679 1387 1720 V
1428 1679 1595 1721 officiali
1634 1680 1848 1723 Pictaven.

261 1754 488 1795 committit
516 1757 563 1794 ut
591 1766 686 1794 cum
717 1752 813 1794 coll.
839 1752 882 1794 S.
905 1751 940 1793 I.
965 1751 1005 1794 d.
1031 1752 1146 1793 civit.
1169 1753 1289 1793 uniat
1318 1753 1549 1805 prioratum
1580 1751 1620 1793 S.
1644 1751 1851 1794 Maxentii

262 1825 313 1866 de
347 1824 586 1877 Pamprolio
622 1824 669 1865 O.
705 1824 747 1865 S.
781 1823 882 1864 Ben.
921 1823 1135 1864 Pictaven.
1161 1822 1292 1863 dioec.
1320 1836 1346 1864 a
1380 1822 1548 1864 Simone
1583 1821 1776 1865 Caillaud
1811 1828 1852 1865 et

262 1897 389 1938 Petro
410 1896 461 1938 de
484 1895 616 1948 Brilly
636 1896 801 1936 clericis
830 1895 1100 1947 resignatum.
1126 1894 1195 1935 Fr.
1219 1897 1299 1936 500
1330 1894 1424 1936 duc.
1454 1895 1635 1936 Accedat
1656 1909 1851 1936 assensus

258 1968 355 2010 abb.
389 1982 462 2009 seu
498 1981 611 2021 perp.
646 1966 992 2009 commendatarii
1028 1967 1270 2007 monasterii
1302 1965 1343 2007 S.
1378 1965 1584 2007 Maxentii
1621 1966 1762 2020 oppidi
1798 1966 1849 2007 de

260 2041 302 2084 S.
327 2039 544 2081 Maxentio
566 2038 665 2080 Ord.
689 2042 730 2079 et
752 2038 884 2079 dioec.
910 2037 1053 2091 praed.
1079 2051 1105 2078 a
1125 2051 1207 2091 quo
1228 2038 1437 2091 prioratus
1459 2037 1680 2091 dependet.

256 2107 301 2142 R.
321 2119 378 2150 ap.
400 2106 435 2140 S.
456 2106 505 2141 M.
527 2106 598 2139 kal.
619 2105 686 2140 Iul.
708 2108 792 2140 1607
812 2105 851 2138 P.
875 2115 933 2138 an.
954 2104 1015 2139 111.

1440 2204 1523 2247 Rey.
1544 2204 1634 2239 baal.
1653 2205 1718 2239 IV.
1739 2208 1792 2240 57.
1814 2206 1846 2240 b.

340 2318 414 2362 46.
446 2319 574 2361 Sedis
597 2323 627 2359 A
630 2321 749 2374 post.
766 2317 1079 2373 providentia.
1104 2338 1130 2345 -
1153 2313 1274 2356 Paul.
1301 2314 1350 2366 V,
1374 2317 1543 2367 petente
1569 2317 1730 2355 rectore
1751 2313 1846 2356 coll.

260 2387 304 2430 S.
334 2388 368 2430 1.
404 2387 690 2430 Paderbonen.
725 2386 898 2428 mandat
928 2385 1094 2428 officiali
1126 2385 1410 2427 Paderbonen.
1447 2390 1494 2426 ut
1527 2385 1571 2425 in
1598 2386 1848 2427 monasterio

259 2458 582 2512 Falckenhagen
612 2473 636 2500 a
666 2458 985 2513 praedecessore
1016 2457 1107 2504 (cfr.
1135 2460 1265 2501 Clem.
1293 2455 1410 2509 VIII,
1434 2471 1475 2497 n.
1503 2457 1599 2510 136)
1630 2457 1784 2510 partim
1806 2456 1844 2498 d.

258 2530 432 2584 collegio
473 2530 703 2584 applicato,
729 2530 847 2571 cuius
887 2529 1079 2570 canonici
1121 2526 1326 2569 Cruciferi
1370 2541 1395 2568 a
1422 2526 1506 2568 fide
1536 2531 1846 2580 apostatarunt,

258 2614 411 2642 nomen
432 2606 473 2642 et
493 2602 721 2643 essentiam
742 2601 873 2654 regul.
899 2601 1153 2654 supprimat,
1177 2600 1319 2640 situm.
1344 2602 1614 2651 structuram,
1638 2597 1844 2649 aedificia,

258 2671 428 2713 domum
468 2672 671 2714 ecclesiae
711 2676 753 2714 et
792 2672 954 2713 fructus
993 2673 1090 2724 (500
1131 2669 1247 2724 duc.)
1287 2673 1507 2711 annectat.
1545 2669 1761 2711 Ecclesiae
1799 2669 1850 2711 de

257 2743 441 2796 parocho
462 2742 612 2785 idoneo
634 2756 659 2784 a
676 2748 839 2785 rectore
860 2742 954 2784 coll.
979 2741 1298 2796 providendum.

258 2808 300 2843 R.
320 2819 377 2852 ap.
398 2809 433 2842 S.
454 2809 503 2843 M.
524 2809 592 2843 XV
611 2808 683 2843 kal.
704 2810 798 2853 Aug.
824 2811 904 2844 1607
924 2808 965 2842 P.
986 2819 1044 2842 an.
1064 2807 1125 2843 ΠΙ.

1489 2902 1576 2946 Req.
1597 2903 1684 2936 buu.
1703 2902 1769 2936 JV.
1789 2905 1843 2938 το.
