1989 3189
135 233 278 277 Pauli
296 232 348 276 V.
804 253 858 260 —
887 231 963 272 231
998 255 1051 261 -
1578 231 1710 276 1605.

216 322 289 365 10.
319 318 468 372 Congr.
493 318 534 360 S.
558 316 638 360 Off.
663 318 878 360 decretum
903 332 910 358 :
935 318 1327 371 interpretationem
1346 317 1414 358 Fr.
1438 316 1589 358 Suarez
1610 316 1651 358 S.
1675 316 1710 358 Ι.

137 391 185 442 (t.
207 392 235 431 4
254 391 298 430 in
319 392 344 430 3
364 403 406 442 p.
431 389 471 430 S.
496 388 572 430 Th.
597 393 697 430 sect.
721 391 748 430 4
769 388 875 441 disp.
899 390 968 441 21)
989 389 1101 429 circa
1121 388 1232 430 decr.
1258 388 1390 430 Clem.
1410 387 1530 441 VIII,
1548 389 1600 429 20
1616 387 1711 428 Iun.

140 463 245 503 1602
266 461 503 502 damnantis
523 474 642 514 prop.
666 460 810 502 Licere
830 473 906 513 per
925 460 1087 501 litteras
1116 473 1190 501 seu
1219 460 1523 501 internuntium
1553 459 1713 500 contes-

130 532 246 573 sario
268 531 432 573 absenti
452 535 627 585 peccata
647 531 1006 573 sacramentaliter
1027 531 1218 572 confiteri
1238 534 1279 572 et
1297 529 1350 572 ab
1373 529 1519 572 eodem
1540 529 1712 571 absente

135 603 438 646 absolutionem
469 603 674 656 obtinere,
697 617 780 645 non
801 603 1043 656 subsistere,
1067 607 1108 645 et
1137 603 1229 645 ideo
1251 602 1525 645 amovendam
1547 615 1637 644 esse
1658 602 1711 644 ab

135 676 226 717 eius
246 674 371 717 libro.

80 736 82 739 ¹
135 743 176 776 14
191 741 258 777 Iul.
280 743 375 777 1605.

141 849 313 893 Concina,
333 853 382 884 th.
402 850 528 884 christ.
550 850 665 885 Roma
683 825 782 890 1750,-
801 849 862 884 lX.
883 861 916 892 p.
936 851 1012 884 590.

214 973 280 1017 11.
311 971 459 1024 Congr.
483 969 524 1013 S.
548 969 618 1012 Off
663 970 876 1012 decretum
902 986 909 1011 t
942 983 994 1011 ex
1024 970 1130 1011 libro
1159 970 1226 1012 Fr.
1260 969 1413 1011 Suarez
1443 969 1484 1012 S.
1515 969 1549 1011 I.
1584 969 1709 1023 (disp.

132 1043 200 1094 23,
223 1046 323 1084 sect.
351 1044 388 1085 1.
411 1056 452 1083 n.
480 1043 548 1095 12)
571 1041 800 1083 amovenda
830 1055 919 1082 esse
940 1041 1067 1082 verba
1087 1046 1232 1096 Atque
1250 1055 1309 1085 ez:
1327 1045 1413 1084 hac
1440 1043 1712 1085 resolutione

133 1140 175 1144 —
208 1120 257 1156 in
289 1116 494 1157 absentia
531 1118 835 1168 consessorz‘s;
873 1112 917 1153 P.
962 1111 1112 1153 Suarez
1153 1111 1305 1153 debere
1343 1112 1549 1164 corrigere
1588 1124 1710 1151 suum

131 1182 284 1225 librum
304 1188 347 1225 et
367 1188 594 1238 antequam
615 1183 798 1236 evulget,
821 1182 1038 1225 ostendere
1059 1183 1154 1224 huic
1176 1181 1509 1235 Congregationi.

134 1251 175 1285 20
194 1250 260 1284 Iul.
277 1252 372 1285 1605.
1456 1259 1459 1262 ⁴

133 1359 226 1393 Ibtd.

212 1481 281 1524 12.
312 1486 385 1523 Eae
405 1485 606 1523 iniuncto
626 1482 767 1523 nobis.
791 1504 816 1509 -
838 1478 956 1519 Paul.
992 1478 1026 1518 V
1056 1478 1284 1519 archidiac.
1310 1478 1410 1519 eccl.
1435 1477 1704 1519 Mechlinien.

129 1554 172 1591 et
193 1549 359 1591 officiali
380 1549 650 1592 Mechlinien.
675 1551 898 1591 committit
919 1555 964 1591 ut
994 1551 1167 1591 attentis
1197 1550 1279 1590 litt.
1306 1549 1426 1590 Pauli
1447 1548 1488 1589 II
1522 1551 1629 1587 Cum
1658 1548 1706 1586 in

129 1626 340 1666 omnihus
360 1625 559 1673 iudiciis,
582 1622 821 1675 petentibus
852 1622 1059 1675 Archiepo
1094 1621 1365 1662 Cameracen.
1403 1625 1444 1662 et
1472 1625 1571 1661 rect.
1610 1620 1705 1661 coll.

128 1693 167 1734 S.
202 1693 236 1735 I.
270 1693 554 1735 Bruxellensis
584 1693 853 1735 Mechlinien.
887 1693 1039 1744 dioec.,
1072 1692 1308 1744 confirmet,
1332 1692 1367 1733 si
1396 1693 1438 1732 in
1469 1691 1706 1732 evidentem

127 1764 372 1816 utilitatem,
406 1764 690 1805 venditionem
731 1764 876 1805 domus
916 1763 968 1804 ad
1007 1776 1194 1804 mensam
1229 1763 1410 1815 archiep.
1436 1760 1702 1803 Cameracen.

128 1836 372 1888 spectantis,
396 1849 478 1888 qua
498 1849 572 1888 pro
594 1836 684 1876 iure
706 1834 916 1876 reddendo
937 1834 1160 1876 Brabantis
1190 1838 1284 1887 post
1304 1835 1559 1875 erectionem
1581 1847 1704 1874 novo-

126 1920 218 1946 rum
251 1907 294 1946 in
327 1905 470 1959 Belgio
505 1906 941 1959 archiepiscopatuuin
976 1920 1058 1947 non
1092 1905 1264 1958 indiget,
1296 1910 1338 1947 et
1377 1918 1484 1959 quae
1514 1903 1706 1945 incendio

125 1989 277 2029 magna
296 1980 415 2030 parte
437 1976 658 2029 absumpta
683 1977 852 2017 ruinosa
882 1982 960 2028 est,
984 1977 1028 2017 in
1057 1977 1240 2017 favorem
1270 1975 1311 2016 d.
1335 1975 1429 2016 coll.
1456 1973 1701 2028 ampliandi,

127 2050 170 2086 et
189 2048 322 2099 pretio
343 2048 434 2088 eius
454 2049 522 2100 (20
544 2061 599 2088 m.
624 2046 666 2088 fl.
695 2047 756 2088 vel
776 2050 798 2088 6
821 2061 877 2089 m.
902 2046 1016 2100 duc.)
1038 2047 1291 2100 emptionem
1312 2046 1408 2100 pagi
1429 2045 1479 2086 de
1499 2044 1705 2086 Solesmes

127 2117 243 2158 civit.
268 2117 517 2159 Hannoniae
535 2117 667 2159 dioec.
693 2118 962 2159 Cameracen.

124 2182 166 2217 R.
187 2194 245 2226 ap.
266 2183 301 2218 S.
323 2184 372 2217 M.
390 2184 440 2219 III
457 2184 530 2218 kal.
552 2184 645 2227 Aug.
668 2186 752 2220 1605
770 2184 810 2218 Ρ.
830 2195 889 2218 an.
909 2183 937 2218 I.

1286 2293 1374 2336 Rey.
1395 2291 1482 2326 bula.
1503 2291 1571 2324 IV.
1592 2294 1646 2326 29.
1665 2291 1699 2324 b.

201 2403 270 2448 13.
302 2405 411 2444 Cum
430 2403 490 2457 fe'.
511 2417 575 2445 re.
601 2405 799 2446 Clemens
820 2409 909 2445 PP.
936 2408 1050 2445 VIII.
1080 2427 1104 2432 -
1125 2401 1246 2443 Pauli
1267 2400 1302 2442 V
1321 2401 1500 2442 facultas
1521 2401 1700 2442 Vincen-

120 2472 179 2513 tio
199 2471 379 2513 Cicadae
400 2486 462 2525 pr.
482 2473 589 2525 prof.
608 2472 648 2515 S.
668 2472 703 2514 Ι.
722 2474 899 2514 servitiis
915 2473 1033 2514 Sedis
1054 2473 1227 2526 Aplicae
1243 2473 1401 2514 adscito
1418 2472 1701 2514 commorandi

119 2548 240 2583 extra
263 2542 304 2584 d.
328 2542 370 2584 S.
394 2544 690 2585 commercium
711 2549 753 2585 et
773 2544 1024 2596 convictum,
1048 2558 1141 2585 cum
1163 2543 1363 2586 clausulis
1384 2543 1669 2597 amplissimis.

116 2607 187 2643 XII
202 2609 299 2652 Aug.
321 2610 417 2643 1605.

1432 2718 1583 2753 Elench.
1604 2719 1692 2752 bull.

197 2830 267 2872 14.
298 2826 447 2880 Congr.
471 2826 512 2869 S.
536 2827 670 2869 Officii
700 2828 929 2881 decretum,
953 2842 1004 2870 ex
1033 2834 1063 2870 t.
1087 2830 1114 2870 4
1143 2828 1190 2870 P.
1214 2827 1366 2870 Suarez
1396 2828 1436 2871 S.
1460 2829 1494 2870 Ι.
1520 2829 1563 2869 in
1593 2830 1617 2869 3
1646 2841 1689 2882 p.

113 2897 140 2939 S
180 2896 258 2939 Th.
282 2898 387 2952 disp.
421 2901 489 2951 21,
522 2901 746 2942 sectionem
776 2902 816 2941 4.
854 2906 1013 2944 Πίνακι
1033 2903 1087 2944 de
1105 2903 1370 2945 necessitate
1389 2902 1691 2955 confessionis
