1989 3252
65 246 208 289 Clem.
229 242 290 286 X.
738 265 788 271 —
819 242 898 282 397
928 265 983 271 —-
1512 238 1640 281 1674.

146 331 216 374 46.
251 328 301 368 A.
329 327 376 367 F.
405 325 453 366 R.
487 322 543 367 M.
581 332 813 371 Romanus
853 330 1082 382 Pontifeae.
1116 351 1141 356 —
1172 325 1304 366 Clem.
1337 323 1374 364 X
1404 336 1644 365 concessam

64 399 179 450 olim,
203 398 440 452 petentibus
460 399 598 452 presb.
626 398 666 440 S.
690 397 724 439 I.
749 399 792 438 in
814 398 1007 439 Sinarum
1030 409 1155 448 regno
1177 393 1548 445 commorantibus,
1573 406 1646 446 per

64 468 196 509 Breve
216 469 267 510 27
288 468 381 509 Iun.
417 470 521 510 1615
552 469 763 510 licentiam
794 466 1032 508 celebrandi
1063 466 1235 506 missam
1265 465 1402 517 capite
1434 466 1643 512 contecto,

64 540 177 593 pileo
206 543 345 581 tamen
375 540 480 580 sacri
512 540 700 591 mysterii
721 539 887 591 proprio
909 543 951 579 et
972 537 1121 578 coloris
1143 539 1499 588 paramentorum,
1523 532 1646 573 Petro

65 610 263 651 Lambert
283 614 361 663 epo
383 610 602 662 Berytensi
622 610 857 662 ceterisque
878 608 970 650 Vic.
995 606 1238 661 apostolicis
1259 604 1463 647 concedit.
1490 644 1493 645 γ

64 677 106 710 R.
126 687 183 719 ap.
204 676 240 710 S.
261 677 310 710 M.
330 676 366 710 M
400 677 520 711 XXIII
538 676 621 709 Dec.
644 678 727 710 1673
747 675 785 708 Ρ.
806 686 865 708 an.
884 675 945 709 IV.

65 797 168 831 Ball.
189 800 232 830 de
246 808 399 840 propag.
418 797 491 839 fide
510 796 538 829 I.
557 798 634 830 428.

148 929 220 971 47.
255 926 302 967 A.
336 925 381 966 F.
416 926 464 966 R.
500 925 557 966 M.
593 928 664 968 Aa}
700 927 976 981 azcyendam.
1009 948 1035 953 —
1065 921 1197 963 Clem.
1229 920 1268 961 X
1299 920 1494 962 fidelibus
1525 934 1652 961 curae

66 998 352 1051 episcoporum
374 998 623 1038 vicariorum
640 1000 773 1048 apost.
798 996 841 1035 in
862 994 1052 1047 partibus
1076 992 1270 1034 Sinarum
1293 992 1470 1045 aliisque
1506 992 1653 1032 vicinis

65 1070 203 1122 regnis
224 1069 457 1111 commissis
479 1068 564 1109 ind.
589 1068 685 1121 plen
707 1066 900 1109 concedit
920 1067 963 1107 in
978 1065 1096 1107 festis
1112 1065 1155 1106 S.
1174 1064 1343 1117 Iosephi
1361 1071 1402 1104 et
1428 1063 1467 1104 S.
1502 1062 1650 1103 Franc.

67 1139 174 1181 Xav.
197 1140 261 1181 Ad
286 1142 334 1181 15
356 1153 500 1180 annos.

68 1207 110 1238 R..
128 1217 185 1248 ap.
207 1206 244 1241 S.
267 1206 317 1240 M.
336 1206 385 1241 M.
404 1206 528 1241 XXHI
548 1206 630 1239 Dec.
652 1206 735 1240 1673
753 1205 793 1239 P.
814 1215 872 1238 an.
892 1203 934 1237 V.

77 1337 251 1372 Hernaez.
275 1337 458 1372 Coleccion
476 1337 520 1377 Π,
540 1339 616 1372 968.

151 1470 224 1512 48.
254 1467 306 1508 A.
338 1467 385 1508 P.
422 1467 469 1508 R.
503 1466 562 1507 M.
597 1473 668 1509 Ex
699 1468 904 1509 iniuncto
942 1468 1083 1508 nobis.
1116 1489 1141 1494 —
1171 1462 1301 1504 Clem.
1334 1461 1387 1513 X,
1419 1462 1660 1515 petentibus

72 1537 280 1579 Michaele
303 1537 502 1579 Poloniae
524 1551 618 1589 rege
641 1536 810 1588 illustri,
829 1536 1012 1588 archiep.
1041 1540 1083 1576 et
1111 1535 1318 1588 episcopis
1338 1539 1380 1575 et
1400 1538 1547 1574 senatu
1569 1546 1658 1585 reg-

73 1609 116 1650 ni
138 1612 179 1649 et
200 1609 339 1661 magni
370 1608 548 1649 ducatus
578 1607 842 1658 Lithuaniae,
875 1606 924 1648 B.
959 1606 1215 1648 Stanislaum
1244 1604 1407 1646 Kostka
1437 1608 1657 1657 patronum

73 1679 410 1732 principaliorem
433 1678 502 1719 dd.
526 1679 641 1731 regni
663 1683 705 1719 et
726 1677 902 1718 ducatus
923 1677 1109 1718 declarat
1129 1677 1302 1729 eiusque
1328 1675 1574 1716 memoriam
1604 1673 1657 1715 ad

74 1749 229 1791 domin.
254 1763 374 1802 prox.
398 1754 491 1802 post
513 1751 562 1790 13
583 1747 688 1790 Nov.
713 1748 928 1789 transferri
950 1761 1071 1801 posse
1091 1746 1295 1788 concedit.

77 1816 117 1850 R.
137 1827 195 1858 ap.
218 1815 254 1850 S.
271 1815 321 1848 M.
343 1815 389 1849 M.
410 1816 444 1849 X
460 1815 536 1850 Ian.
575 1817 656 1850 1674
676 1815 715 1848 Ρ.
735 1825 794 1848 an.
815 1814 873 1847 IV.

79 1936 184 1970 Buzz.
206 1936 311 1970 Rom.
331 1953 372 1958 —-
391 1936 450 1969 Ex
465 1941 538 1979 cyp.
561 1946 653 1969 cam.
674 1946 734 1978 ap.
754 1934 923 1975 (Bullae).
1400 1930 1551 1966 Elench.
1571 1930 1659 1964 bule.

161 2068 232 2111 49.
265 2066 317 2107 Α.
339 2064 387 2107 F.
412 2063 461 2104 R.
486 2064 544 2105 M.
569 2071 752 2119 Expone·
772 2067 901 2107 nobis
920 2077 1080 2119 nuper.
1103 2086 1128 2092 -
1148 2061 1278 2103 Clem.
1302 2059 1356 2111 X,
1380 2060 1537 2113 petenti
1557 2063 1659 2101 rect.

79 2137 173 2178 coll.
198 2135 239 2178 S.
263 2136 419 2177 Luciae
450 2135 679 2176 Bononien.
715 2134 756 2176 S.
791 2134 825 2175 Ι.
859 2133 1103 2175 facultatem
1135 2131 1325 2173 concedit
1354 2130 1580 2172 reducendi
1610 2129 1663 2171 ad

81 2209 134 2249 22
151 2207 360 2248 scholares
380 2219 599 2247 numerum
616 2206 688 2259 qui
705 2205 824 2245 iuxta
843 2204 1004 2245 Alberti
1020 2203 1227 2256 Angelelli
1244 2202 1555 2255 dispositionem
1574 2206 1660 2241 tam

81 2278 124 2318 in
146 2277 368 2318 donatione
389 2279 416 2317 4
437 2276 537 2316 Maii
562 2277 666 2316 1632
687 2289 813 2328 quam
835 2276 877 2315 in
907 2279 1071 2315 testam.
1113 2275 1158 2314 11
1183 2273 1274 2314 Ian.
1302 2274 1422 2323 1648,
1445 2285 1538 2312 cum
1560 2269 1600 2312 S.
1624 2270 1660 2311 I.

81 2349 343 2400 ingressurus
364 2352 489 2398 esset,
512 2347 624 2387 facto
646 2345 911 2386 manuteneri
934 2344 1148 2385 deberent.

83 2414 125 2448 R.
145 2425 201 2457 ap.
221 2414 256 2447 S.
276 2414 324 2448 M.
344 2414 394 2447 M.
414 2413 500 2447 XVI
516 2412 602 2446 Feb.
624 2414 706 2447 1674
724 2412 764 2445 Ρ.
785 2422 844 2444 an.
862 2411 923 2446 IV.

1285 2530 1374 2573 Req.
1392 2528 1483 2563 bun.
1509 2528 1568 2562 VJ.
1588 2530 1664 2563 220.

174 2654 246 2697 50.
279 2651 428 2704 Congr.
461 2650 503 2692 S.
527 2649 611 2691 Rit.
635 2675 660 2680 -
684 2648 973 2691 Audomaren.
996 2649 1039 2688 in
1059 2648 1091 2688 F
1093 2647 1268 2689 landria.
1302 2646 1666 2689 Consecrationem

90 2722 290 2763 ecclesiae
310 2720 350 2762 S.
374 2720 408 2762 I.
433 2721 476 2761 in
498 2720 537 2761 d.
562 2721 638 2763 civ,
672 2725 862 2772 spectare
893 2718 945 2759 ad
976 2719 1215 2771 episcopum
1246 2717 1553 2768 dioecesanum,
1586 2717 1667 2756 nisi

91 2792 220 2833 abbas
241 2805 352 2832 mon.
377 2791 418 2832 S.
442 2791 602 2832 Bertini
624 2789 672 2831 Ο.
697 2790 738 2832 S.
762 2790 809 2830 B.
834 2789 989 2830 habeat
1009 2788 1188 2841 speciale
1209 2788 1472 2841 privilegium
1503 2787 1544 2828 S.
1568 2786 1666 2828 Sed.

90 2864 373 2917 Apostolicae‚
396 2862 506 2915 quod
529 2863 721 2915 episcopo
745 2861 934 2915 praefato
954 2865 1122 2901 tenetur
1141 2859 1355 2901 exhibere.

88 2931 127 2964 14
145 2930 232 2971 Apr·
252 2931 348 2963 1674.

89 3053 314 3094 Gardellz'm',
331 3054 430 3088 2686.
