1989 3189
277 272 311 305 S.
345 271 450 306 Sedis
479 280 572 315 erga
601 271 847 312 Societatem,
886 271 974 306 telis
1002 272 1319 307 adversariorum
1335 272 1566 317 impetitam,
1586 272 1878 310 benevolentiae

278 337 500 373 testimonia
516 337 719 380 complecti
739 336 864 372 liceat.

340 404 478 438 Restat
508 404 565 442 ut,
592 402 694 446 quod
730 403 809 438 iam
844 403 1091 448 postulabam
1120 404 1157 438 in
1187 405 1301 448 primi
1336 405 1431 440 tomi
1466 405 1719 450 praefatione.
1738 406 1883 440 iterum

275 469 388 503 enixe
405 477 560 512 rogem:
582 468 703 503 velint
721 468 867 503 scilicet
902 469 1147 504 diversarum
1178 470 1469 514 provinciarum
1498 470 1590 505 socii
1607 470 1698 505 huie
1721 471 1878 506 conatui

275 543 433 579 operam
451 543 563 568 suam
588 534 742 577 addere,
760 536 800 569 et
817 544 837 568 e
862 535 998 569 multis
1026 535 1145 576 libris,
1166 536 1275 570 varia
1301 535 1434 580 lingua
1458 536 1626 580 seriptis,
1645 536 1880 572 documenta

278 601 485 646 pontificia,
502 609 601 644 quae
615 600 905 645 indagationem
924 610 1050 635 meam
1071 601 1408 647 subterfugerunt,
1422 602 1647 646 compendio
1662 605 1881 647 transump-

276 668 329 708 ta,
366 674 518 701 mecum
543 666 841 701 communicare.
876 667 1043 710 Ipsemet
1067 676 1116 701 ex
1140 668 1372 702 Annalibus
1403 669 1693 703 ecclesiasticis
1720 667 1881 712 aliisque

276 732 395 770 libris,
414 731 480 775 qui
510 731 602 765 mihi
632 731 805 766 Faesulis
833 732 926 766 olim
955 733 1088 776 agenti
1109 735 1268 777 praesto
1295 742 1372 768 non
1401 735 1527 773 erant,
1548 743 1624 768 non
1641 742 1807 779 parvum
1830 733 1880 769 ad

279 799 447 844 primam
462 806 675 842 synopseos
694 800 848 842 partem
865 797 993 833 addidi
1010 798 1336 843 supplementum.
1349 800 1456 835 Inter
1478 800 1563 835 illos
1579 800 1691 835 iuvat
1707 800 1879 835 indicare

277 864 522 898 Bullarz'um
553 864 604 897 de
632 865 911 907 propayanda
939 864 1023 908 fide
1049 866 1173 906 (1888),
1196 864 1418 903 Gardellini.
1439 867 1608 900 Decreta
1637 866 1878 901 authentica

276 929 605 973 conpreyatz'onis
621 938 838 964 sacrorum
859 930 1024 964 rituum
1040 931 1151 971 (1856)
1167 931 1209 965 et
1222 931 1422 966 Analecta
1440 932 1547 965 iuris
1557 931 1779 975 pontificii.

342 995 475 1038 Quoad
493 995 687 1030 rationem
707 995 866 1030 nomina
886 996 1045 1040 propria
1061 996 1267 1039 scribendi,
1283 996 1521 1041 existimavi,
1551 999 1596 1032 ut
1620 998 1738 1032 antea
1755 999 1875 1042 (prae-

276 1061 433 1096 fationis
458 1070 492 1105 p.
517 1060 592 1102 VII)
610 1060 829 1104 monebam,
848 1061 1087 1103 sequendum
1111 1070 1196 1096 esse
1221 1061 1531 1106 manuscriptum
1555 1063 1750 1106 codicem3
1776 1063 1877 1098 idem

273 1136 414 1163 nomen
432 1126 481 1161 ab
500 1126 804 1161 amanuensibus
824 1127 934 1162 vario
952 1127 1066 1162 modo
1083 1127 1123 1162 in
1139 1127 1289 1163 duobus
1307 1128 1549 1163 documentis
1563 1130 1649 1170 (Cfr.
1666 1131 1779 1174 Greg.
1794 1130 1876 1165 XV.

274 1204 310 1229 n.
330 1197 373 1229 20
389 1194 430 1228 et
447 1197 508 1228 26:
539 1192 716 1227 Tiberius
741 1194 781 1227 et
811 1193 1036 1233 Tiburtius3
1057 1213 1096 1217 —
1128 1193 1238 1229 Pauli
1264 1195 1295 1228 V
1322 1203 1359 1228 n.
1380 1197 1444 1230 234
1460 1196 1500 1229 et
1517 1194 1607 1230 Urb.
1639 1197 1723 1231 VIII
1751 1205 1789 1230 n.
1808 1199 1845 1231 31
1868 1208 1877 1231 z

275 1259 477 1295 Norbeeck
494 1260 534 1293 et
564 1258 775 1299 Norberch,
802 1260 904 1301 ete),
927 1259 1003 1293 imo
1034 1259 1070 1293 in
1103 1269 1181 1294 uno
1207 1259 1419 1304 eodemque
1445 1260 1532 1303 (Cir.
1564 1261 1657 1296 Urb.
1678 1262 1760 1297 VIII
1777 1270 1813 1296 n.
1834 1266 1875 1296 4:

275 1326 392 1360 Perez
410 1326 450 1359 et
468 1326 562 1359 Peez
580 1326 670 1363 etc„
691 1325 804 1369 Greg.
832 1325 913 1367 XV,
935 1334 971 1359 n.
999 1328 1042 1360 26
1061 1340 1066 1357 :
1088 1324 1325 1360 Veneschius
1349 1327 1389 1360 et
1407 1326 1673 1369 Verreschius)
1688 1326 1878 1372 scriptum

274 1399 351 1426 non
381 1399 471 1425 raro
505 1389 852 1434 deprehendebam.
874 1391 1001 1431 Quare
1020 1390 1154 1425 errata
1179 1390 1292 1435 plura
1320 1399 1396 1426 non
1426 1392 1663 1436 corrigerem
1689 1393 1822 1428 monui
1840 1393 1878 1428 in

275 1456 516 1502 praefatione
537 1455 687 1500 primae
707 1456 842 1500 partis.

341 1598 514 1638 Lovanii,
532 1602 551 1634 3
569 1598 782 1633 decembris
803 1601 897 1633 1895.
1497 1602 1535 1635 L.
1559 1601 1765 1637 DELPLAGE
1792 1601 1826 1635 S.
1848 1602 1875 1637 1.
