1989 3252
81 167 244 212 Innoc.
267 166 327 209 X.
749 187 805 194 -
833 164 912 203 353
942 185 995 192 -
1529 159 1657 204 1645.

82 253 117 294 si
138 253 180 292 in
198 250 448 301 evidentem,
467 249 714 290 facultatem
736 248 949 290 alienandi
970 248 1080 289 bona
1094 246 1302 301 quaedam
1323 259 1376 288 ex
1396 245 1657 287 haereditate

82 323 195 364 uniV.
221 335 331 363 anno
355 322 455 361 1601
480 319 691 361 Caeciliae
712 319 763 360 de
783 318 1001 372 Caligariis
1030 319 1224 360 Parmen.
1248 322 1291 359 et
1311 331 1364 358 ex
1388 317 1659 371 dispositione

80 407 190 435 anno
228 393 329 433 1621
366 391 398 432 F
400 405 514 432 rane.
550 391 601 432 de
636 390 864 444 Pegolottis
892 390 992 431 cler.
1016 389 1212 430 Parmen.
1237 388 1276 430 d.
1310 388 1405 429 coll.
1430 388 1594 440 relicta,
1616 392 1658 428 et

82 463 249 507 emendi
279 463 362 504 alia
393 463 500 503 bona
530 461 701 503 stabilia
735 461 921 502 melioris
954 460 1157 512 redditus,
1179 464 1227 500 ut
1259 458 1352 501 coll.
1377 459 1573 500 censibus
1608 458 1661 499 ad

82 537 190 577 7700
211 549 270 577 sc.
294 533 630 586 ascendentibus,
653 546 831 587 quorum
852 532 1068 573 occasione
1091 530 1144 572 ad
1163 532 1366 572 rationem
1388 531 1412 570 ’7
1435 543 1508 583 pro
1528 529 1661 583 quoli-

82 609 154 650 bet
192 607 432 648 centenario
470 605 742 646 interessuria
779 603 920 655 solvit,
955 608 1189 656 gravatum,
1231 615 1378 642 census
1417 602 1660 654 extinguere

82 679 233 721 melius
254 678 401 731 possit.

82 746 124 780 R.
143 756 199 788 ap.
222 744 258 778 S.
280 743 321 778 P.
340 744 372 778 V
390 743 436 777 id.
457 743 532 778 Ian.
555 745 638 777 1644
657 741 698 775 P.
718 752 775 775 an.
796 741 824 776 1.

1313 861 1397 904 Req.
1418 862 1504 895 buu.
1528 861 1588 895 Vl.
1609 861 1663 896 88.

164 995 206 1038 3.
240 999 312 1035 Em
339 993 543 1035 iniuncto
571 992 717 1034 nobis.
740 1014 765 1019 —
794 988 941 1030 Innoc.
966 987 1019 1041 X,
1043 988 1283 1042 petentibus
1318 992 1422 1028 rect.
1461 991 1503 1028 et
1538 987 1665 1028 colle-

81 1063 261 1118 gialibus
295 1061 391 1103 coll.
417 1061 459 1103 S.
482 1061 517 1102 I.
542 1061 791 1110 Pictavien.‚
814 1059 983 1101 mandat
1018 1058 1185 1100 officiali
1224 1059 1411 1110 episcopi
1432 1057 1662 1099 Pictavien.

83 1137 183 1177 utin
193 1135 377 1176 favorem
392 1133 433 1175 d.
449 1133 543 1174 coll.
556 1166 563 1184 ,
578 1146 672 1173 cum
691 1145 771 1186 quo
785 1145 809 1172 a
826 1131 956 1172 Paulo
976 1129 1393 1182 V,consentientibus
1412 1129 1664 1171 Malleacen.

81 1207 275 1260 episcopo
298 1204 499 1245 collatore
521 1208 561 1244 et
584 1202 803 1244 monachis
833 1206 1012 1243 monast.
1038 1201 1200 1242 insulae
1231 1200 1499 1252 Malleacen.,
1522 1201 1665 1241 unitus

82 1276 222 1318 fuerat
241 1276 451 1328 prioratus
475 1274 516 1315 S.
543 1273 713 1314 Martini
750 1272 800 1314 de
836 1272 998 1325 Leguge
1032 1271 1261 1313 Pictavien.
1289 1271 1441 1323 dioec„
1464 1285 1490 1312 a
1511 1271 1666 1312 Ioanne

83 1345 299 1398 Pourault,
317 1345 520 1386 monacho
545 1344 592 1386 O.
618 1344 658 1385 S.
680 1345 727 1385 B.
746 1345 788 1384 in
805 1349 983 1385 monast.
1003 1344 1045 1385 S.
1064 1343 1265 1395 Cypriani
1285 1356 1411 1396 prope
1433 1342 1662 1384 Pictavien.

84 1418 163 1460 ciV.
187 1418 420 1469 resignatus
441 1440 495 1445 —
529 1417 650 1456 uniat
685 1416 919 1457 sacristiam
955 1415 995 1456 d.
1034 1416 1158 1467 prior.
1200 1414 1332 1467 (redd.
1371 1416 1425 1455 24
1460 1414 1578 1467 duc.)
1612 1413 1666 1455 ab

87 1489 233 1531 eodem
254 1489 524 1540 resignatam.

86 1555 131 1589 R.
150 1565 208 1597 ap.
228 1554 264 1588 S.
285 1553 325 1587 P.
344 1552 393 1588 111
412 1553 460 1586 id.
482 1552 570 1586 Maii
589 1555 673 1587 1645
693 1552 733 1586 Ρ.
752 1563 813 1586 an.
832 1553 862 1587 1.

1276 1672 1363 1717 Req.
1382 1672 1474 1708 buu.
1502 1671 1558 1708 VI.
1578 1675 1620 1708 90
1639 1673 1673 1708 b.

171 1799 212 1842 4.
246 1796 288 1839 S.
326 1795 477 1850 Congr.
513 1795 638 1838 Conc.
679 1821 704 1826 —
734 1793 960 1836 Decretum
1011 1795 1052 1835 in
1089 1807 1215 1835 causa
1264 1793 1520 1835 decimarum
1557 1794 1674 1847 regni

89 1868 304 1921 Poloniae‚
326 1868 398 1909 ubi
420 1869 582 1909 censuit
602 1881 627 1908 a
647 1866 909 1920 regularibus
931 1870 973 1906 et
994 1865 1183 1918 patribus
1213 1863 1256 1906 S.
1280 1863 1316 1906 Ι.
1342 1864 1560 1906 solvendas
1581 1877 1671 1906 esse

91 1939 274 1981 decimas
304 1939 496 1993 parochis
530 1943 572 1980 et
592 1938 686 1979 aliis
710 1937 972 1978 beneficiatis
1006 1937 1123 1989 regni
1158 1936 1373 1987 Poloniae‚
1396 1949 1505 1989 quae
1541 1935 1672 1977 solve-

89 2011 243 2052 bantur
263 2024 288 2051 a
307 2010 426 2051 laicis
456 2011 700 2063 priusquam
722 2022 865 2049 eorum
897 2007 1006 2049 bona
1026 2009 1067 2047 in
1089 2006 1343 2060 regularium
1367 2007 1667 2059 proprietatem

91 2088 231 2124 essent
244 2081 465 2133 translata,
483 2081 615 2121 firmis
628 2085 772 2121 tamen
793 2077 1107 2120 remanentibus
1123 2076 1476 2118 transactionibus
1493 2076 1672 2130 desuper

91 2154 229 2197 factis.
253 2153 329 2194 Die
349 2166 448 2194 vero
469 2154 518 2194 31
543 2152 659 2203 Iulii,
682 2151 753 2193 SS.
779 2151 825 2192 D.
853 2150 907 2192 N.
932 2150 1037 2191 Emo
1072 2148 1195 2191 Card.
1220 2148 1438 2190 Praefecto
1462 2147 1672 2190 referente
1710 2184 1719 2189 -

91 2226 135 2267 in
155 2225 402 2267 consistorio
423 2222 685 2277 approbavit.

93 2293 133 2326 17
153 2292 232 2325 lun.
252 2293 348 2326 1645.

1412 2406 1562 2442 Elench.
1582 2405 1673 2442 buu,

174 2531 216 2576 ὅ.
251 2530 292 2573 S.
315 2529 465 2583 Congr.
488 2528 540 2571 de
569 2542 740 2582 propag.
780 2527 879 2570 fide.
910 2552 936 2558 -
970 2527 1193 2568 Decretum
1224 2528 1337 2568 circa
1371 2528 1672 2569 correctionem

91 2601 316 2643 iuramenti
335 2601 388 2642 ab
409 2600 589 2642 alumnis
610 2600 838 2653 pontificiis
859 2597 1118 2652 praestandi,
1142 2611 1237 2638 cum
1272 2597 1458 2639 eiusdem
1477 2597 1671 2639 formula.

90 2669 132 2703 12
149 2667 246 2711 Sept.
266 2668 363 2703 1645.

1413 2783 1568 2819 Elench.
1587 2783 1676 2818 bule,

176 2911 219 2955 6.
252 2907 295 2952 S.
326 2908 476 2962 Congr.
514 2907 566 2949 de
593 2920 764 2962 propag.
797 2905 896 2949 fide.
937 2931 963 2937 -
996 2904 1222 2948 Decretum
1259 2919 1340 2960 quo
1371 2903 1673 2959 approbantur,

94 2987 307 3023 annuente
329 2980 423 3033 SS.‚
446 2992 645 3034 responsa
679 2983 721 3021 et
741 2977 1020 3020 resolutiones
1054 2976 1180 3019 datae
1215 2976 1268 3018 ad
1304 2977 1494 3030 quaesita
1515 2975 1676 3017 missio·-
