1989 3252
115 219 252 272 areg.
273 218 374 261 xv.
786 237 835 243 —-
867 214 946 254 303
975 237 1031 243 -
1186 197 1188 199 ’
1561 212 1691 256 16:33.

194 306 266 348 49.
290 303 341 344 A.
365 302 413 343 P.
437 301 485 343 R.
512 301 567 342 M.
593 303 1057 356 Splendorpaternae
1075 303 1264 355 ylerdae.
1302 322 1328 327 -
1362 296 1484 349 Greg.
1507 295 1583 336 XV
1618 310 1692 349 pro

114 374 320 428 capellam
350 386 423 414 seu
458 373 589 413 altare
620 372 748 412 situm
769 371 812 410 in
832 370 1034 423 spelunca
1056 371 1098 410 in
1120 383 1215 422 opp.
1241 369 1292 409 de
1312 367 1508 409 Manresa
1541 367 1690 410 Vicen.

115 445 247 486 dioec.
271 443 480 484 dominica
499 443 649 483 ultima
670 440 925 494 Septembris
941 440 1227 492 visitantibus,
1246 439 1332 480 ind.
1352 439 1465 492 plen.
1485 438 1689 480 concedit.

115 511 157 545 R.
178 522 235 554 ap.
256 509 292 544 S.
313 509 353 543 P.
375 508 499 544 XXVI
514 508 591 544 Ian.
612 509 697 542 1623
718 507 756 540 P.
776 517 834 540 an.
854 506 898 541 Π,

1334 604 1422 646 Ray.
1441 603 1532 637 bun.
1559 602 1596 635 V.
1620 605 1695 638 124.

198 719 273 763 50.
305 717 356 758 A.
380 715 425 757 P.
459 715 508 756 R.
532 714 590 756 M.
629 717 854 770 Splendor
872 719 1095 769 paternae
1113 715 1306 768 ylorz'ae.
1329 736 1355 741 -
1374 709 1499 764 Greg.
1522 709 1598 751 XV
1620 723 1695 763 pro

117 788 321 843 capellam
357 789 399 828 S.
422 786 572 827 Franc.
596 783 703 826 Xav.
728 785 773 825 in
803 789 940 826 castro
962 783 1132 824 Xaverii
1153 782 1444 835 Pampilonen.
1468 777 1602 823 dioec.
1624 781 1692 822 die

117 862 207 903 eius
227 860 334 901 festo
354 857 619 899 visitantibus
640 855 725 897 ind.
749 856 862 909 plen.
887 855 1095 896 concedit.

118 928 159 962 R.
179 938 237 969 ap.
257 926 292 961 S.
312 926 355 959 P.
370 924 495 960 XXXI
510 924 587 959 Ian.
610 925 693 957 1623
712 923 753 956 P.
773 933 830 956 an.
851 922 895 957 Π.

1295 1014 1385 1057 Rey.
1407 1013 1495 1047 bun.
1524 1012 1561 1046 V.
1583 1015 1645 1047 129
1664 1012 1696 1045 b.

201 1131 269 1174 51.
301 1127 352 1170 A.
375 1126 422 1169 F.
446 1126 497 1168 R.
522 1125 580 1167 M.
606 1133 839 1169 Romanae
861 1127 983 1168 sedis
1005 1129 1216 1167 Antis-ces.
1254 1147 1280 1153 -
1314 1123 1436 1175 Greg.
1459 1121 1552 1172 XV,
1575 1135 1700 1174 expo-

118 1205 246 1242 nente
285 1199 559 1241 Procuratore
598 1211 691 1250 gen.
735 1195 778 1238 S.
819 1196 874 1248 L,
916 1196 1125 1236 humanae
1165 1194 1406 1235 infirmitati
1446 1193 1699 1244 miserando,

120 1270 444 1314 brachmanibus
474 1269 652 1322 aliisque
684 1267 828 1309 Indiae
864 1266 1082 1308 orientalis
1112 1265 1338 1319 gentilibus
1368 1264 1559 1306 concedit
1579 1270 1628 1305 ut
1648 1263 1702 1305 ad

120 1345 271 1397 stirpes
305 1339 655 1383 discriminandas
690 1345 732 1380 et
766 1340 810 1379 in
846 1339 1012 1391 signum
1049 1337 1175 1378 officii
1211 1337 1345 1378 lineas
1367 1350 1415 1377 ac
1435 1335 1694 1387 corumbyna

121 1415 324 1464 deferant,
343 1412 543 1454 sandaliis
559 1425 607 1453 ac
624 1410 903 1453 lavationibus
916 1414 1106 1461 utantur,
1122 1409 1346 1450 dummodo
1361 1408 1701 1461 superstitionem

121 1488 353 1539 expurgent
373 1483 547 1524 cautelis
569 1481 767 1523 adhibitis
789 1494 896 1535 quae
918 1480 1266 1521 determinantur.

120 1551 165 1586 R.
184 1562 241 1593 ap.
259 1550 294 1585 S.
315 1550 356 1584 P.
377 1549 502 1584 XXXI
517 1549 594 1584 Ian.
615 1550 699 1583 1633
718 1548 759 1582 P.
779 1559 838 1581 an.
860 1547 902 1582 ΙΙ.

121 1662 221 1696 Buzz.
239 1662 286 1695 de
296 1671 404 1705 prop.
424 1661 453 1694 Ι.
474 1659 740 1694 15-Bertrand.
755 1659 809 1691 La
826 1660 982 1691 mission
999 1660 1049 1689 du

209 1716 383 1758 Madure‘,
402 1718 495 1750 1884.
511 1714 563 1749 II.
578 1716 655 1748 407.
1313 1711 1397 1754 Rey.
1417 1710 1505 1745 hutz.
1533 1710 1570 1746 V.
1590 1712 1653 1745 124
1670 1710 1704 1744 b.

206 1838 280 1883 52.
311 1836 361 1878 Α.
385 1835 431 1877 Ρ.
456 1835 505 1877 R.
530 1834 587 1876 M.
614 1842 847 1878 Romanus
869 1836 1098 1888 Pontifex.
1122 1857 1147 1862 —
1168 1831 1290 1885 Greg.
1314 1830 1405 1883 XV,
1429 1831 1598 1872 insertis
1618 1830 1700 1872 litt.

124 1909 247 1951 Pauli
267 1907 347 1960 III,
370 1907 434 1948 Pii
453 1906 528 1959 IV,
552 1906 672 1959 Greg.
696 1904 801 1946 XIII
836 1909 878 1946 et
912 1904 1063 1945 Leonis
1097 1902 1157 1944 XI
1177 1903 1269 1956 (cfr.
1296 1917 1336 1944 n.
1366 1905 1405 1955 1)
1435 1901 1703 1944 considerans

125 1980 287 2021 fructus
307 1979 348 2021 S.
373 1978 408 2020 I.
432 1978 648 2032 speciatim
670 1978 711 2017 in
732 1976 989 2029 Philippina‚
1008 1975 1216 2025 Peruana,
1240 1973 1478 2025 Mexicana‚
1498 1973 1707 2026 Paragua-

124 2053 230 2093 rien.
257 2057 299 2092 et
315 2050 422 2092 Novi
443 2049 576 2103 Regni
596 2048 838 2102 provinciis,
863 2047 1053 2088 decernit
1074 2060 1167 2087 eam
1189 2046 1232 2086 in
1252 2045 1337 2086 illis
1358 2045 1494 2098 regnis
1530 2045 1704 2086 minime

124 2122 259 2164 teneri
278 2121 430 2163 Leonis
448 2121 529 2162 litt.
554 2114 825 2172 praeinsertis
846 2119 927 2158 nisi
948 2122 1071 2171 prout
1091 2117 1166 2158 alii
1197 2115 1487 2158 mendicantes
1518 2115 1703 2156 decimas

124 2194 283 2236 solvere
313 2196 632 2235 consueverunt.
664 2190 909 2232 Innocentio
940 2193 1017 2243 epo
1048 2188 1352 2230 Brictonorien.
1386 2201 1461 2228 suo
1491 2188 1535 2227 in
1565 2187 1703 2241 regnis

125 2266 427 2319 Hispaniarum
446 2263 605 2305 Nuntio
625 2267 667 2304 et
686 2262 879 2303 Andreae
896 2265 972 2315 epo
994 2260 1207 2302 Conchen.
1228 2261 1271 2300 in
1292 2259 1448 2301 eisdem
1465 2258 1706 2312 inquisitori

126 2337 312 2391 generali
332 2341 374 2378 et
403 2349 517 2377 caus.
541 2348 650 2376 cam.
674 2347 741 2388 ap.
764 2347 858 2387 gen.
882 2331 1064 2374 auditori
1095 2330 1269 2372 mandat
1298 2335 1538 2384 praesentes
1568 2328 1704 2383 publi-

128 2416 223 2445 care
245 2407 327 2444 etc.

127 2469 171 2504 R.
190 2480 246 2512 ap.
264 2468 300 2503 S.
322 2469 359 2501 P.
379 2468 447 2503 XV
465 2467 570 2502 Febr.
593 2469 677 2502 1623
695 2466 736 2500 Ρ.
756 2477 815 2500 an.
835 2465 897 2501 111.

1353 2555 1437 2601 Rey.
1458 2555 1546 2591 buzz.
1573 2554 1609 2590 V.
1635 2557 1709 2592 129.

213 2680 286 2725 53.
320 2683 390 2723 Εοσ
408 2682 610 2722 iniuncto
629 2677 774 2721 nobis.
797 2700 823 2706 -
842 2675 963 2728 Greg.
986 2673 1078 2715 XV.
1104 2674 1243 2715 citatis
1265 2673 1345 2714 litt.
1371 2672 1493 2714 Pauli
1514 2671 1572 2724 II,
1600 2678 1708 2715 Cum

131 2760 180 2795 in
199 2753 409 2795 omnibus
428 2753 628 2798 z'udz'cz'z's,
653 2749 771 2798 1465,
805 2746 854 2788 V.
878 2745 934 2788 id.
960 2745 1075 2796 Maii,
1098 2744 1338 2798 petentibus
1372 2748 1476 2785 rect.
1501 2747 1543 2784 et
1577 2743 1706 2783 colle-

130 2822 310 2876 gialibus
330 2820 423 2862 coll.
448 2819 489 2862 S.
512 2819 548 2861 I.
570 2818 848 2860 Alexandrin.
870 2831 986 2871 prov.
1020 2815 1303 2858 Mediolanen.
1327 2819 1369 2856 et
1405 2814 1706 2866 Christophoro

123 2893 288 2947 Scoglia
306 2892 414 2933 laico
444 2891 486 2932 d.
508 2891 586 2932 civ,
610 2890 781 2932 mandat
813 2888 1108 2930 archidiacono
1129 2887 1231 2929 eccl.
1254 2884 1534 2927 Alexandrin.
1557 2889 1600 2926 et
1619 2885 1702 2926 vic.

133 2978 226 3019 gen.
249 2968 313 3017 ut,
336 2964 372 3004 si
405 2963 450 3005 in
483 2962 720 3004 evidentem
754 2961 918 3013 collegii
952 2959 1197 3011 utilitatem,
1228 2956 1430 2999 locandae
1459 2956 1499 2997 d.
1525 2954 1710 2997 Christo-

134 3036 264 3090 phoro
285 3034 431 3077 domus
464 3032 682 3076 cuiusdam
702 3046 729 3074 a
747 3031 872 3074 Petro
903 3031 1000 3073 Ant.
1023 3029 1273 3073 Porcellana
1292 3041 1389 3071 cum
1408 3027 1502 3070 aliis
1524 3026 1643 3068 bonis
1663 3026 1704 3068 d.
