1989 3252
118 201 294 244 Urban.
316 199 446 244 VIII.
788 224 841 228 —
871 201 950 240 325
979 223 1036 229 —
1567 200 1692 244 1627.

201 288 275 331 80.
309 285 349 327 S.
369 284 516 338 Congr.
531 284 681 328 Cardd.
698 286 823 328 Conc.
843 285 955 327 Trid.
976 287 1266 339 interpretum.
1286 310 1312 316 —
1328 284 1500 326 Censuit
1518 285 1696 327 faculta-

118 361 204 398 tem
219 357 394 410 petitam
412 358 476 410 (ut
491 357 535 396 in
555 370 670 409 prOV.
689 356 923 410 Paraquen.
940 362 981 397 et
997 358 1040 397 in
1056 357 1153 397 totis
1168 355 1300 397 Indiis
1316 357 1464 397 orient.
1483 361 1525 398 et
1540 356 1692 409 occid„

119 433 289 481 propter
317 428 634 481 episcopatuum
665 430 744 469 300
774 428 943 468 milliar.
978 432 1020 468 et
1054 427 1235 480 amplius
1273 428 1578 480 extensionem,
1614 428 1695 469 sibi

120 503 430 541 conservatores
459 499 611 551 eligere
639 501 680 539 vi
711 498 815 540 bull.
840 498 903 539 Pii
934 498 986 549 V,
1010 501 1034 539 8
1063 498 1150 539 kal.
1174 498 1266 539 Ian.
1288 498 1407 540 Pont.
1441 513 1510 540 an.
1534 500 1576 553 3)
1606 513 1696 540 esse

121 571 354 612 oratoribus
370 569 673 623 denegandam,
692 570 763 611 sed
783 569 1049 611 scribendum
1071 571 1278 623 episcopis
1297 575 1342 610 ut
1364 570 1518 623 eligant
1537 570 1696 612 iudices

122 640 340 693 synodales
360 641 490 682 etiam
511 654 584 694 per
604 641 830 693 dioeceses,
853 641 1022 681 interim
1051 654 1148 681 vero
1175 640 1301 682 licere
1330 640 1580 692 oratoribus,
1611 655 1697 682 ser-

122 716 220 753 vata
235 712 279 752 in
293 711 466 765 reliquis
481 711 617 753 forma
632 718 766 753 const.
780 710 905 765 Greg.
919 710 993 752 XV
1014 711 1092 752 hac
1110 711 1160 752 de
1178 725 1224 752 re
1239 711 1368 763 edita,
1386 717 1698 754 conservatores

122 783 354 834 nominare,
391 781 594 824 habentes
628 783 852 837 qualitates
887 796 911 823 a
945 784 1035 823 iure
1069 783 1308 836 requisitas,
1345 796 1520 836 quorum
1556 788 1699 824 tamen

123 852 346 894 facultates
367 854 582 906 exspirent
602 859 648 894 ut
667 855 865 907 primum.

122 918 155 951 d.
175 917 224 953 IV
246 918 329 953 Dec.
348 921 443 954 1627.

1293 1040 1383 1084 Req.
1399 1039 1486 1074 buu.
1510 1041 1549 1073 V.
1569 1043 1645 1076 234.
1666 1042 1702 1078 b.

205 1166 274 1209 81.
306 1169 378 1207 Ad
397 1178 449 1207 ea
469 1178 528 1208 esc
545 1167 831 1220 apostolicae.
854 1189 879 1194 -
900 1163 1059 1205 Urban.
1083 1162 1186 1204 VIII
1206 1164 1446 1217 petentibus
1476 1170 1577 1207 rect.
1601 1166 1699 1212 coll.

124 1234 165 1277 S.
189 1233 226 1276 I.
248 1233 451 1277 Goritien.
476 1239 519 1275 et
538 1235 617 1275 vic.
642 1235 810 1287 paroch.
835 1235 936 1276 eccl.
961 1235 1002 1277 S.
1035 1235 1148 1276 Petri
1178 1248 1306 1288 prope
1336 1234 1559 1289 Goritium,
1583 1250 1699 1278 man-

124 1305 198 1347 dat
216 1306 294 1347 vic.
318 1319 410 1358 gen.
433 1305 697 1359 patriarchae
713 1306 977 1360 Aquilegien.
997 1312 1043 1347 ut
1059 1306 1141 1347 litt.
1165 1305 1266 1347 VIII
1283 1306 1340 1347 id.
1364 1307 1470 1360 Aug.
1494 1306 1615 1350 Pont.
1635 1309 1700 1349 sui

125 1389 235 1418 anno
258 1378 277 1417 1
301 1375 437 1429 datas,
458 1377 558 1418 licet
578 1390 726 1418 census
747 1390 844 1419 ann.
874 1379 950 1418 100
972 1382 1079 1418 scut.
1102 1390 1184 1418 non
1216 1378 1345 1430 possit
1374 1377 1589 1419 commode
1610 1392 1703 1432 per-

127 1448 224 1501 cipi,
246 1448 387 1489 valere
408 1447 631 1490 decernat.-

128 1514 166 1549 R.
189 1525 246 1557 ap.
268 1514 305 1549 S.
322 1515 371 1549 M.
391 1515 440 1550 M.
461 1515 509 1550 id.
528 1515 613 1549 Dec.
636 1517 717 1550 1627
737 1514 776 1548 Ρ.
797 1525 854 1549 an.
876 1515 919 1551 V.

1291 1623 1379 1668 Rey.
1397 1623 1486 1658 bulz.
1514 1625 1553 1661 V.
1571 1628 1648 1662 248.
1667 1627 1704 1661 b.

207 1735 281 1779 82.
314 1739 498 1789 E'oeponz'
515 1733 644 1776 nobis
662 1746 821 1787 nuper.
840 1755 866 1761 —
887 1729 1046 1771 Urban.
1071 1729 1187 1782 VIII,
1200 1731 1439 1784 petentibus
1457 1732 1704 1774 Sebastiano

128 1803 339 1857 quondam
367 1802 534 1844 Nicolai
566 1801 765 1843 Gabrielii
799 1803 901 1843 civis
939 1801 1168 1843 Bononien.
1209 1808 1251 1843 et
1285 1802 1455 1843 Alberto
1495 1802 1703 1856 quondam

126 1874 295 1916 Camilli
316 1875 367 1916 de
388 1874 596 1927 Angelelli
612 1873 763 1915 nobilis
781 1874 1028 1925 Bononien.,
1047 1873 1219 1914 mandat
1239 1873 1553 1927 archiepiscopo
1571 1874 1705 1916 Bono-

126 1948 238 1988 nien.
263 1947 350 1987 sive
369 1947 459 1986 eius
479 1946 557 1986 vic.
581 1958 674 1998 gen.
698 1949 745 1985 ut
767 1945 810 1985 in
836 1944 1019 1985 favorem
1051 1944 1198 1985 domus
1230 1944 1392 1998 probat.
1425 1944 1468 1986 S.
1500 1944 1533 1986 Ι.
1558 1944 1597 1986 d.
1623 1946 1703 1987 civ,

126 2018 265 2059 varias
285 2017 427 2058 domos
447 2017 491 2056 in
511 2016 580 2057 via
599 2015 726 2068 Burgi
746 2015 963 2069 palearum
986 2029 1109 2056 nunc.
1136 2028 1161 2055 a
1182 2015 1222 2056 d.
1247 2015 1494 2057 Sebastiano
1524 2017 1564 2056 in
1596 2016 1706 2057 hunc

127 2089 255 2130 finem
275 2088 315 2129 d.
340 2087 512 2129 Alberto
534 2101 607 2140 pro
630 2089 763 2128 33000
781 2087 877 2127 libr.
898 2086 1133 2140 acquirenti
1151 2100 1222 2139 pro
1243 2085 1282 2127 d.
1303 2085 1509 2127 Societate
1533 2087 1578 2126 ll
1603 2085 1706 2127 Maii

131 2159 234 2200 1627
254 2157 460 2209 venditas,
482 2165 617 2210 apost.
641 2158 867 2198 autoritate
889 2156 1122 2197 confirmet.

129 2225 171 2259 R.
191 2235 249 2267 ap.
270 2224 305 2258 S.
326 2224 366 2258 P.
386 2223 471 2259 XIII
490 2225 574 2258 Dec.
598 2225 679 2258 1627
700 2223 739 2256 Ρ.
759 2233 819 2257 an.
839 2223 881 2256 V.

1294 2331 1383 2375 Rey.
1404 2331 1493 2365 buu.
1522 2331 1558 2365 V.
1577 2333 1653 2365 242.
1673 2331 1707 2365 b.

212 2445 283 2490 83.
320 2449 372 2487 Ul
391 2443 731 2486 necessitatibus
751 2443 1058 2484 ecclesiarum.
1082 2462 1107 2468 -
1128 2437 1287 2479 Urban.
1316 2437 1414 2479 VIII
1444 2438 1708 2492 patriarchae

130 2515 379 2568 Aethiopiae
399 2513 442 2554 id
463 2513 622 2566 petenti
642 2511 695 2553 ad
710 2511 1041 2565 quinquennium
1064 2508 1256 2550 concedit
1270 2508 1515 2550 facultatem
1537 2508 1590 2551 ad
1609 2509 1710 2549 titu-

130 2585 218 2626 lum
234 2585 493 2627 voluntariae
509 2583 767 2637 paupertatis
783 2595 856 2622 seu
880 2580 933 2621 ad
953 2580 1083 2621 alium
1116 2579 1386 2633 promovendi
1417 2579 1471 2621 ad
1502 2593 1585 2621 sac.
1618 2578 1708 2620 ord.

129 2670 328 2711 personas
347 2656 535 2707 idoneas,
557 2655 707 2696 aetatis
727 2653 941 2706 legitimae
978 2656 1020 2693 et
1050 2664 1125 2704 pro
1155 2650 1360 2704 qualitate
1390 2652 1570 2704 regionis
1599 2648 1712 2691 suffi-

133 2728 281 2769 cientis
302 2727 580 2769 litteraturae.

133 2794 175 2828 R.
194 2805 251 2837 ap.
273 2793 309 2827 S.
329 2793 370 2828 P.
390 2792 499 2828 XXX
516 2793 601 2826 Dee.
623 2793 706 2826 1627
726 2790 767 2824 P.
786 2801 843 2824 an.
864 2789 909 2824 V.

1350 2897 1440 2941 Rey.
1458 2897 1548 2932 hall.
1578 2896 1617 2932 V.
1635 2898 1712 2931 234.

219 3018 291 3063 84.
329 3022 444 3061 Vivit
465 3023 594 3060 Deus.
616 3038 642 3044 —
662 3011 821 3055 Urban.
847 3010 948 3052 VIII
969 3010 1181 3065 Alphonso
1212 3009 1459 3063 Aethiopiae
1489 3009 1541 3051 ad
1562 3009 1713 3050 Roma-
