1989 3252
289 175 430 218 Pauli
451 175 503 219 V.
963 200 1018 205 —-
1045 177 1127 218 272
1155 202 1209 207 —
1742 181 1865 225 1615.

289 260 438 314 Gongr.
476 259 545 303 off.
585 263 636 302 26
674 261 796 303 Mart.
839 264 959 313 1615,
982 266 1264 307 concessionis
1299 265 1495 307 Patribus
1531 266 1572 309 S.
1611 267 1646 308 Ι.
1671 268 1714 308 111
1747 281 1872 321 regno

290 332 484 374 Sinarum
526 333 789 387 degentibus,
827 334 1041 377 facultatis
1081 336 1324 379 celebrandi
1360 339 1529 379 missam
1570 343 1682 381 tecto
1719 340 1872 392 capite,

289 403 536 446 traducendi
570 404 751 446 Bibliam
786 406 830 446 in
863 406 962 460 ling.
1002 407 1184 450 Sinicam
1220 415 1262 450 et
1301 414 1565 451 sacramenta
1603 409 1869 452 ministrandi

290 475 438 517 eodem
461 476 673 519 idiomate.

290 542 432 578 XXVII
448 543 526 578 Iun.
549 545 646 579 1615.

1616 658 1767 694 Elench.
1786 658 1874 692 bun.

375 763 471 808 165.
505 768 558 806 [η
579 766 852 819 apostolicae
873 766 1129 820 diffiniatis.
1153 789 1179 794 -
1216 764 1332 806 Paul.
1362 763 1411 818 V,
1435 765 1676 819 petentibus
1712 771 1872 808 rectore

291 839 335 876 et
355 833 642 887 collegialibus
679 834 844 888 collegii
880 834 919 876 S.
945 834 979 876 I.
1004 834 1250 877 Molinensis
1285 842 1328 878 et
1362 839 1576 891 superiore
1607 842 1650 879 et
1671 843 1875 880 conventu

293 907 502 960 prioratus
532 905 571 948 S.
599 906 808 948 Vincentii
842 906 922 948 loci
943 906 994 948 de
1031 905 1269 949 Chantelles
1304 908 1352 950 O.
1382 907 1424 951 S.
1448 910 1552 963 Aug.
1577 911 1875 952 canonicorum

293 977 424 1031 regul.
464 977 692 1020 Bituricen.
719 978 940 1031 dioecesis,
979 978 1148 1021 officiali
1179 979 1406 1022 Bituricen.
1445 981 1618 1022 mandat
1647 988 1871 1036 quatenus,

295 1050 453 1091 vocatis
474 1049 671 1091 vocandis
692 1049 733 1091 d.
758 1050 933 1104 collegio
954 1065 979 1092 a
1001 1051 1053 1092 cl.
1079 1065 1205 1094 mem.
1230 1050 1414 1094 Henrico
1434 1052 1494 1093 IV
1510 1052 1684 1095 fundato
1706 1053 1747 1095 d.
1766 1054 1878 1107 prio-

294 1126 432 1163 ratum
454 1134 480 1163 a
515 1122 807 1175 praepositura
841 1121 908 1163 vel
929 1124 1183 1165 monasterio
1206 1123 1246 1165 S.
1270 1123 1385 1165 Petri
1405 1123 1456 1165 de
1479 1123 1623 1166 Suaux
1646 1124 1686 1167 d.
1710 1124 1878 1166 Ordinis

293 1192 598 1247 dependentem
620 1194 756 1246 uniat,
779 1198 871 1235 octo
905 1194 1111 1247 religiosis
1140 1196 1183 1236 in
1214 1196 1401 1249 prioratu
1431 1196 1711 1238 residentibus
1740 1198 1878 1250 provi-

295 1264 409 1308 deat.

297 1331 339 1366 R.
360 1343 417 1375 ap.
438 1331 474 1366 S.
495 1332 545 1366 M.
568 1332 616 1367 M.
635 1331 709 1366 kal.
731 1333 823 1375 Aug.
845 1335 929 1369 1615
946 1332 989 1369 Ρ.
1007 1343 1067 1369 an.
1087 1333 1167 1370 XII.

1455 1444 1541 1488 Rey.
1562 1444 1650 1480 bun.
1670 1445 1694 1480 Ι
1698 1446 1734 1482 V.
1754 1445 1880 1481 264ὒῑ8.

384 1552 482 1598 166.
497 1553 548 1610 Α.
562 1550 609 1595 Ρ.
623 1550 738 1595 R.M.
756 1561 787 1597 A
795 1556 1003 1611 postolz'cz'
1024 1562 1229 1598 muneris
1247 1553 1883 1608 sollicitudo.-Paul.V,peten-

299 1623 413 1667 tibus
429 1630 590 1667 rectore
606 1630 648 1666 et
664 1624 951 1678 collegialibus
967 1626 1062 1668 coll.
1082 1626 1124 1668 S.
1145 1625 1179 1667 I.
1199 1625 1561 1679 Mussipontaniin
1578 1626 1701 1668 dioec.
1717 1627 1875 1669 Meteu.

297 1702 339 1739 et
357 1696 768 1738 administratoribus
796 1698 1062 1751 episcopatus
1095 1697 1250 1739 Meten.
1274 1697 1494 1739 confirmat
1523 1712 1666 1739 eorum
1698 1712 1879 1740 conven-

293 1770 451 1810 tionem
472 1782 555 1822 qua
591 1781 691 1809 area
725 1768 931 1822 quaedam
962 1770 1177 1810 seminarii
1197 1783 1423 1823 puerorum
1453 1769 1743 1822 ecclesiastici,
1775 1783 1876 1811 casu

292 1840 554 1894 conflagrati,
588 1841 631 1880 in
659 1839 812 1893 oppido
847 1840 1166 1895 Mussipontano
1201 1842 1282 1882 sita
1312 1846 1353 1882 et
1383 1841 1424 1882 d.
1462 1841 1633 1894 collegio
1664 1842 1874 1895 contigua,

291 1912 333 1954 d.
370 1911 543 1965 collegio
579 1912 830 1965 assignatur,
868 1925 916 1953 eo
948 1916 1070 1965 pacto
1105 1916 1152 1952 ut
1186 1912 1303 1954 locus
1338 1913 1381 1953 in
1416 1913 1591 1954 aedibus
1628 1914 1879 1955 convictorii

294 1983 601 2037 Mussipontani
622 1984 858 2036 assignetur
878 1997 952 2036 pro
974 1983 1235 2025 habitatione
1260 1985 1310 2026 12
1330 1997 1556 2038 puerorum
1572 1984 1613 2026 d.
1638 1985 1875 2026 seminarii.

293 2051 339 2086 R.
357 2061 417 2094 ap.
437 2050 473 2086 S.
492 2050 543 2085 Μ.
563 2050 612 2085 M.
634 2050 696 2083 V11
717 2051 764 2083 id.
785 2052 878 2093 Aug.
901 2052 985 2086 1615
1002 2050 1042 2084 Ρ.
1063 2062 1120 2084 an.
1143 2050 1208 2085 XI.

1505 2161 1595 2206 Ray.
1614 2161 1702 2195 bule.
1721 2161 1784 2197 IV.
1805 2164 1880 2198 285.

380 2287 477 2335 167.
515 2288 657 2332 Hodie
677 2303 704 2331 a
724 2291 853 2332 nobis
873 2292 1164 2332 emanarunt.
1189 2311 1215 2318 -
1251 2284 1368 2328 Paul.
1394 2284 1446 2328 V.
1476 2301 1551 2328 suo
1580 2287 1624 2328 in
1646 2284 1762 2328 Urbe
1784 2285 1874 2329 Vic.

294 2359 338 2402 in
360 2359 615 2413 spiritualib.
638 2358 823 2412 generali
858 2364 900 2401 et
936 2359 1094 2401 Meten.
1118 2372 1167 2400 ac
1202 2358 1432 2401 Virdunen.
1457 2358 1703 2401 officialibus
1725 2372 1878 2401 execu-

294 2432 454 2474 tionem
474 2431 711 2472 litterarum
732 2447 739 2472 :
764 2435 1014 2488 Apostollcz‘
1035 2440 1241 2476 muneris
1260 2433 1533 2483 sollicitum,
1557 2431 1794 2472 committit.

296 2498 339 2533 R.
359 2510 417 2542 ap.
438 2499 473 2533 S.
494 2499 542 2532 M.
563 2499 612 2534 M.
633 2498 696 2533 VII
712 2498 761 2532 id.
782 2499 876 2541 Aug.
898 2501 996 2533 1615.

1452 2607 1541 2651 Rey.
1563 2607 1649 2641 buil,
1670 2607 1732 2642 IV.
1752 2610 1828 2643 286.
1847 2607 1884 2645 b.

386 2718 483 2763 168.
519 2724 592 2762 Ex
619 2723 824 2763 inz'zmcco
852 2720 994 2762 nobis.
1020 2741 1045 2747 -
1065 2714 1185 2758 Paul.
1230 2714 1265 2756 V
1306 2716 1445 2757 citatis
1478 2715 1630 2757 litteris
1664 2715 1786 2758 Pauli
1821 2715 1879 2769 ΙΙ,

301 2796 478 2833 Omni-n
499 2792 710 2834 ommibus
732 2792 931 2837 iudiciis,
974 2790 1096 2840 1465,
1135 2788 1189 2829 id.
1237 2787 1351 2838 Maii,
1392 2787 1632 2840 petentibus
1672 2787 1882 2829 Ludovico

300 2862 426 2904 Hisco
465 2861 621 2902 decano
652 2860 691 2902 S.
716 2859 774 2902 M.
800 2860 1026 2902 inviolatae
1047 2859 1222 2901 Ianuen.
1248 2863 1289 2900 et
1310 2859 1548 2912 praeposito
1570 2858 1610 2900 S.
1636 2858 1811 2900 Adriani
1832 2859 1882 2901 de

302 2931 532 2985 Trigaudio
554 2945 678 2973 nunc.
703 2930 977 2972 ecclesiarum
998 2935 1040 2971 et
1068 2928 1269 2971 Marcello
1304 2929 1553 2970 Pallavicini
1583 2930 1716 2984 praef.
1736 2930 1883 2972 domus

300 3003 440 3059 presb.
478 3003 759 3058 professorum
794 3001 835 3045 S.
860 3000 895 3044 I.
918 3000 1114 3055 Ianuen.‚
1137 3000 1309 3044 mandat
1342 3005 1551 3055 quatenus
1585 3001 1882 3044 alienationem
