1989 3252
233 230 376 274 Clem.
400 229 511 273 XII.
902 253 957 260 -—
985 232 1067 271 462
1095 255 1149 261 -
1692 231 1822 276 1739.

313 317 385 361 20.
418 323 526 360 Cum.
545 323 664 361 sicut
682 322 957 373 accepimus.
980 343 1005 348 —
1034 317 1166 360 Clem.
1200 317 1282 359 XII
1313 317 1399 359 ind.
1431 330 1505 370 pro
1536 316 1680 359 decem
1709 317 1825 360 feriis

230 388 360 429 sextis
381 386 422 429 S.
447 386 595 429 Franc.
620 388 728 429 XaV.
753 402 880 430 unam
903 388 1137 442 plenariam
1158 393 1201 431 et
1221 403 1295 431 sex
1316 388 1519 443 partiales
1540 387 1824 441 indulgentias

230 460 255 499 7
285 472 382 499 ann.
408 462 450 500 et
470 458 835 513 quadragenorum
857 460 1064 513 concedit,
1088 460 1143 503 ad
1164 461 1444 515 septennium.

228 524 272 558 R.
292 535 349 567 ap.
371 524 407 560 S.
428 526 477 560 M.
497 525 546 560 M.
567 525 651 562 VIII
667 527 747 562 Iun.
769 529 854 562 1737
872 527 912 561 P.
934 537 992 561 an.
1014 527 1091 562 VII.

228 649 287 683 Ex
303 655 377 693 typ.
397 660 492 684 cam.
512 661 574 694 ap.
594 652 643 694 10⁰.
1676 652 1821 687 Butzae.

311 777 382 820 21.
417 775 468 816 A.
494 775 540 817 P.
566 775 614 818 R.
642 776 699 818 M.
726 780 797 821 Act
815 779 1056 821 sublimem
1085 780 1359 821 sanctitatis.
1381 801 1407 807 -
1438 776 1569 818 Clem.
1594 775 1676 817 XII
1708 776 1823 818 solli-

228 846 460 888 citantibus
489 861 586 901 rege
607 847 756 890 Franc.
783 849 1136 890 christianissimo
1158 847 1382 899 Ludovico‚
1400 848 1585 901 archiep.
1611 851 1654 889 et
1689 848 1818 901 episc.

227 917 407 970 Galliae,
427 917 474 960 B.
496 918 699 961 Ioannem
716 919 987 961 Franciscum
1003 919 1129 973 Regis
1146 919 1187 961 S.
1206 919 1241 961 I.
1260 919 1552 961 Gonfessorem
1574 918 1645 961 SS.
1669 920 1820 961 canoni

228 989 431 1031 adscribit
460 992 636 1046 eiusque
666 991 822 1034 festum
852 991 906 1033 ab
937 992 1052 1033 univ.
1085 991 1275 1033 Ecclesia
1303 993 1357 1033 24
1386 990 1489 1032 Maii
1519 990 1649 1032 recoli
1670 990 1823 1033 debere

229 1060 432 1105 decernit.

226 1128 266 1162 R.
285 1139 344 1171 ap.
364 1128 400 1161 S.
420 1128 471 1163 Io.
493 1129 527 1162 in
550 1130 628 1164 Lat.
646 1130 732 1165 XVI
750 1130 823 1165 kal.
844 1131 910 1166 Iul.
936 1133 1022 1166 1737
1041 1130 1081 1164 P.
1102 1140 1162 1164 an.
1182 1129 1259 1164 VII.

226 1254 326 1290 Ball.
345 1255 452 1289 Rom.
476 1275 515 1280 —
531 1257 625 1291 Νου.
648 1257 736 1290 butt.
757 1257 793 1291 S.
813 1260 842 1292 1.
862 1260 937 1292 246.

310 1383 382 1427 22.
418 1389 488 1426 Act
510 1385 787 1440 augyendam.
811 1409 836 1415 -
859 1382 990 1426 Clem.
1014 1382 1098 1425 XII
1119 1382 1206 1424 ind.
1230 1381 1346 1435 plen.
1369 1381 1413 1422 in
1435 1381 1537 1422 eccl.
1562 1380 1603 1423 S.
1626 1380 1661 1422 I.
1687 1381 1821 1434 primo

226 1453 295 1495 die
316 1467 399 1496 non
420 1454 622 1508 impedito
643 1458 738 1508 post
759 1454 914 1495 festum
936 1452 1005 1495 SS.
1027 1451 1246 1494 Trinitatis
1267 1452 1475 1505 concedit,
1493 1465 1570 1506 pro
1586 1453 1711 1494 unica
1730 1452 1820 1494 vice

226 1525 432 1567 valituris.

226 1591 269 1625 R.
290 1602 347 1634 ap.
369 1592 404 1625 S.
427 1592 473 1624 M.
497 1592 544 1625 M.
567 1592 686 1628 XXIV
706 1593 792 1635 Apr.
814 1593 899 1627 1738
919 1592 959 1626 Ρ.
978 1602 1037 1625 an.
1062 1591 1154 1627 VIII.

225 1718 284 1751 Em
300 1723 377 1760 typ.
395 1729 490 1752 cam.
510 1729 570 1761 ap.
593 1718 645 1756 f0.
1675 1714 1818 1748 Emtae.

308 1848 378 1892 23.
414 1849 486 1889 Ad
505 1848 782 1902 auyemtam.
806 1869 832 1875 -
852 1843 984 1886 Clem.
1009 1842 1092 1885 XII
1113 1843 1200 1884 ind.
1221 1843 1333 1897 plen.
1352 1841 1455 1883 eccl.
1475 1840 1517 1884 S.
1536 1841 1571 1883 1.
1591 1841 1727 1894 primo
1748 1839 1816 1881 die

224 1932 305 1960 non
327 1917 528 1972 impedito
550 1922 645 1972 post
663 1917 818 1959 festum
839 1916 907 1959 SS.
929 1916 1045 1958 Trin.
1069 1915 1338 1958 visitantibus
1360 1914 1566 1966 concedit,
1590 1927 1664 1967 pro
1686 1913 1813 1954 unica

223 1990 312 2032 vice
333 1990 541 2031 valituris.

221 2057 267 2092 R.
286 2067 342 2099 ap.
365 2057 400 2090 S.
424 2056 472 2090 M.
495 2056 543 2090 M.
564 2056 652 2092 XXI
674 2056 780 2090 Mart.
803 2058 887 2090 1739
905 2055 944 2090 P.
965 2065 1023 2089 an.
1046 2055 1106 2088 IX.

222 2182 281 2217 Eoe
299 2188 372 2226 typ.
392 2193 486 2217 cam.
503 2193 562 2226 ap.
1671 2177 1816 2210 Buttae.

306 2311 379 2354 24.
415 2310 683 2353 concredita
702 2310 847 2351 nobis.
868 2331 893 2336 -
914 2303 1047 2348 Clem.
1072 2304 1155 2347 XII
1176 2305 1385 2358 episcopis
1405 2308 1448 2345 et
1476 2302 1750 2344 missionariis
1771 2302 1814 2342 in

222 2382 359 2434 regnis
385 2380 478 2423 Ind.
503 2379 665 2421 Orient.
689 2377 945 2428 Madurensi,
967 2377 1254 2430 Mayssurensi
1276 2378 1320 2417 et
1340 2374 1586 2416 Carnatensi
1607 2373 1813 2427 praecipit

222 2451 507 2493 obedientiam
529 2448 908 2492 Constitutionibus
930 2448 1170 2502 apostolicis
1201 2449 1254 2488 24
1284 2447 1377 2499 Aug
1422 2446 1527 2487 1734
1556 2449 1599 2486 et
1624 2448 1810 2498 praesta-

220 2525 378 2565 tionem
409 2522 653 2573 iuramenti‚
687 2521 807 2562 cuius
836 2521 1019 2562 formula
1048 2533 1122 2574 pro
1153 2519 1358 2573 episcopis
1388 2517 1536 2569 altera,
1569 2516 1705 2557 altera
1734 2528 1808 2568 pro

220 2596 499 2638 missionariis
519 2595 731 2636 inseritur.

220 2663 260 2697 R.
281 2674 337 2706 ap.
360 2662 394 2697 S.
416 2662 464 2697 M.
486 2661 536 2697 M.
555 2661 641 2697 XIII
659 2660 747 2695 Maii
767 2661 851 2696 1739
870 2659 910 2694 P.
930 2670 989 2694 an.
1012 2659 1073 2693 lx.

219 2786 317 2819 Bull.
338 2788 394 2819 (te.
410 2797 469 2828 pr.
487 2787 513 2829 f.
534 2785 582 2820 II.
602 2787 677 2820 501.

301 2915 374 2958 25.
409 2913 458 2954 A.
481 2912 527 2954 F.
552 2911 602 2954 R.
628 2911 686 2953 M.
711 2914 971 2968 Apostotz'ca
993 2914 1104 2955 haec
1125 2916 1167 2953 S.
1193 2912 1342 2954 Sedes.
1374 2933 1398 2938 -
1429 2908 1560 2949 Clem.
1595 2906 1676 2947 XII
1708 2921 1810 2949 non-

219 2985 336 3027 nulla
364 2984 532 3026 decreta
562 2997 587 3024 a
618 2982 768 3025 Cardd.
803 2983 985 3024 Antonio
1017 2981 1068 3024 de
1098 2981 1179 3023 Via
1209 2985 1250 3022 et
1286 2980 1407 3022 Dom.
1440 2980 1610 3021 Riviera
1647 2992 1809 3019 necnon

218 3056 327 3098 Phil.
353 3056 404 3097 de
425 3055 640 3097 Montibus
662 3053 812 3108 Congr.
831 3054 953 3109 Prop.
980 3053 1072 3095 Fid.
1096 3053 1340 3105 secretario,
1364 3053 1407 3093 in
1428 3065 1547 3093 sacra
1566 3051 1806 3092 visitatione
