1989 3252
237 180 378 225 Pauli
398 181 453 225 V.
910 206 964 212 —
993 184 1074 224 252
1102 207 1157 214 —
1686 187 1821 233 1609.

237 267 339 309 cler.
376 268 650 321 resignatum,
688 283 714 310 a
746 282 858 311 mon.
897 269 938 313 S.
977 271 1195 314 Guillelmi
1230 272 1280 314 de
1319 272 1505 315 Desertis
1545 273 1678 316 eiusd.
1719 274 1819 318 Ord.

237 338 452 380 Lodonen.
477 339 611 381 dioec.
635 339 954 394 dependentem.
978 341 1049 383 Fr.
1072 345 1126 384 24
1147 343 1241 385 duc.

236 405 280 439 R.
302 416 359 448 ap.
381 405 416 439 S.
438 405 488 439 M.
509 406 579 442 XII
596 405 668 440 kal.
691 407 781 441 NOV.
802 409 886 442 1609
904 408 946 442 P.
965 419 1025 442 an.
1045 409 1088 443 V.

1386 519 1474 562 Ray.
1495 518 1585 553 buu.
1605 519 1671 554 IV.
1694 520 1767 554 191.
1786 519 1822 553 b.

318 638 391 681 90.
418 644 492 681 Eoo
508 641 761 693 pastoralis
781 641 932 692 officii.
957 663 983 668 -
1003 637 1122 680 Paul.
1142 637 1180 679 V
1195 638 1364 681 officiali
1382 638 1688 693 Rothomagen.
1709 653 1822 681 com-

236 709 368 750 mittit
402 710 600 750 unionem
637 723 731 750 cum
767 709 889 750 domo
924 709 1043 763 prob.
1069 709 1108 752 S.
1142 710 1177 751 I.
1209 711 1252 751 in
1287 711 1459 752 civitate
1494 710 1822 765 Rothomagensi

236 780 438 821 ecclesiae
459 794 534 822 seu
554 780 742 834 capellae
771 782 982 834 prioratus
1003 795 1128 824 nunc.
1152 781 1201 823 B.
1225 781 1284 823 M.
1309 781 1360 823 de
1381 781 1514 823 Bosco
1535 782 1647 824 intra
1666 782 1823 824 limites

235 851 459 906 parochiae
481 851 520 894 S.
546 852 818 906 Opportunae
838 852 886 894 Ο.
907 852 948 895 S.
973 853 1079 906 Aug.
1100 852 1257 894 Canon.
1281 853 1413 906 regul.
1439 853 1662 896 Ebroicen.
1688 854 1820 896 dioec.

233 936 341 976 quae
372 936 397 963 a
417 924 605 976 prioratu
635 923 676 966 S.
700 923 835 964 Laudi
871 923 921 965 de
943 923 1079 977 Burgo
1109 924 1264 966 Acardi
1293 924 1626 978 (Bourgachard)
1648 924 1688 966 d.
1719 925 1818 966 Ord.

233 993 538 1047 Rothomagen.
561 994 694 1036 dioec.
725 995 946 1048 dependet,
970 999 1013 1037 et
1045 1010 1120 1049 per
1153 995 1330 1038 liberam
1364 997 1690 1049 resignationem
1726 996 1822 1037 Ric-

234 1064 350 1106 cardi
371 1065 422 1107 de
443 1065 570 1108 Sanct
589 1066 774 1108 Laurent
793 1068 985 1108 canonici
1006 1067 1046 1109 d.
1071 1067 1170 1109 Ord.
1194 1072 1330 1109 vacat.
1354 1067 1424 1109 Fr.
1447 1070 1502 1109 24
1523 1067 1616 1109 duc.

234 1131 276 1165 R.
297 1144 354 1175 ap.
377 1132 412 1166 S.
432 1133 482 1167 M.
503 1133 572 1168 XII
590 1132 662 1167 kal.
684 1133 773 1167 Nov.
795 1136 879 1169 1609
898 1134 936 1167 Ρ.
958 1145 1016 1168 an.
1038 1134 1082 1168 V.

1385 1256 1472 1297 Rey.
1491 1255 1581 1289 bule.
1601 1255 1667 1289 IV.
1689 1257 1765 1290 175.
1783 1255 1818 1289 b.

313 1375 381 1418 91.
408 1377 481 1417 Ad
500 1380 643 1431 apost.
667 1377 928 1430 dz‘ym'tatz's.
960 1399 987 1405 —
1015 1373 1135 1415 Paul.
1161 1373 1213 1427 V,
1236 1375 1477 1428 petentibus
1507 1374 1570 1417 Cl.
1604 1375 1823 1429 Aquaviva

232 1444 299 1486 Pr.
339 1444 442 1486 Gen.
466 1444 506 1487 S.
540 1445 573 1486 I.
613 1450 656 1487 et
689 1450 852 1487 rectore
887 1445 1034 1487 domus
1068 1445 1187 1499 prob.
1225 1447 1269 1487 in
1303 1447 1380 1488 civ.
1416 1447 1624 1488 Tolosana
1655 1446 1823 1489 officiali

233 1515 430 1558 Caurien.
467 1518 695 1559 committit
730 1522 776 1558 ut
810 1518 1046 1571 prioratum
1081 1516 1122 1560 S.
1160 1517 1351 1570 Dionysii
1390 1518 1471 1560 loci
1506 1518 1558 1559 de
1593 1518 1822 1560 Concoreto

237 1588 286 1629 Ο.
324 1588 365 1630 S.
390 1588 495 1642 Aug.
535 1603 684 1631 canon.
719 1589 851 1643 regul.
890 1588 1115 1632 Caturcen.
1152 1589 1305 1642 dioec.,
1330 1604 1355 1631 a
1388 1604 1500 1631 mon.
1535 1589 1577 1632 S.
1609 1590 1822 1632 Ambrosii

238 1659 469 1701 Bituricen.
493 1661 628 1702 eiusd.
666 1661 756 1702 ord.
791 1661 1113 1715 dependentem,
1150 1667 1243 1715 post
1277 1662 1438 1703 obitum
1472 1661 1652 1703 Deodati
1682 1662 1822 1703 Mauri

235 1731 407 1781 Prioris‚
430 1732 604 1785 collegio
641 1732 680 1774 S.
706 1732 742 1774 I.
766 1733 811 1773 in
845 1734 924 1774 civ.
960 1731 1204 1774 Caturcensi
1240 1746 1292 1773 ex
1327 1733 1438 1774 decr.
1463 1733 1637 1775 Henrici
1671 1733 1818 1775 Franc.

234 1816 318 1856 reg.
343 1803 489 1844 christ.
513 1808 654 1845 erecto
685 1806 865 1855 unitum,
889 1805 964 1845 lite
996 1809 1144 1858 postea
1164 1805 1274 1846 inter
1300 1804 1394 1846 Nic.
1419 1805 1673 1846 Ponsonium
1699 1818 1822 1846 cano-

232 1875 373 1915 nicum
394 1874 436 1916 d.
459 1889 570 1916 mon.
596 1875 633 1916 d.
656 1877 868 1929 prioratus
885 1877 1162 1930 provisionem
1184 1876 1531 1930 praetendentem
1554 1881 1597 1918 et
1612 1881 1820 1918 rectorem

232 1945 414 1999 collegii,
438 1950 617 2000 utroque
639 1949 942 2000 consentiente,
965 1948 1005 1989 d.
1031 1948 1174 1990 domui
1194 1949 1312 2002 prob.
1337 1949 1469 1990 uniat.
1494 1948 1563 1990 Fr.
1587 1950 1666 1990 200
1689 1947 1783 1990 duc.

232 2011 273 2046 R.
294 2024 351 2055 ap.
374 2013 408 2046 S.
431 2013 470 2047 P.
496 2013 559 2048 VH
577 2014 626 2049 id.
646 2015 735 2048 Nov.
758 2017 843 2050 1609
863 2015 901 2049 Ρ.
920 2026 978 2049 an.
999 2015 1042 2049 V.

1435 2137 1523 2180 Res).
1545 2138 1637 2171 bzcll.
1658 2138 1723 2171 IV.
1743 2139 1818 2172 122.

311 2258 384 2301 92.
409 2259 482 2300 Ad
503 2263 648 2313 apost.
671 2260 929 2314 dc'ym‘catz's.
954 2282 979 2288 —
1010 2256 1130 2298 Paul.
1155 2256 1207 2309 V,
1231 2257 1472 2310 petentibus
1503 2256 1566 2298 Cl.
1598 2257 1819 2312 Aquaviva

228 2327 297 2369 Pr.
322 2327 425 2369 Gen.
451 2328 492 2370 S.
517 2328 571 2379 I.,
594 2328 756 2381 Ignatio
792 2328 1005 2370 Armando
1036 2328 1291 2370 Provinciali
1312 2342 1427 2382 prov,
1452 2328 1669 2380 Franciae,
1692 2329 1815 2371 Petro

228 2399 286 2440 Le
306 2399 586 2452 Charpantier
621 2400 841 2453 subpriore
863 2414 1025 2442 necnon
1047 2406 1256 2442 conventu
1285 2400 1475 2454 prioratu
1496 2400 1537 2442 S.
1562 2400 1736 2442 Martini
1764 2401 1814 2442 de

226 2470 523 2523 Esoagioleuo,
547 2472 652 2513 alias
687 2472 728 2513 S.
753 2471 968 2513 Barbarae
999 2473 1042 2512 in
1075 2472 1196 2524 Algia
1217 2472 1266 2513 O.
1290 2471 1332 2513 S.
1366 2471 1471 2524 Aug.
1507 2485 1654 2513 canon.
1678 2472 1810 2525 regul.

224 2541 436 2583 Lexovien
477 2542 610 2584 dioec.
636 2543 803 2584 officiali
836 2543 1063 2584 Lexovien.
1097 2543 1324 2584 committit
1354 2542 1686 2584 confirmandam
1716 2557 1813 2584 con-

226 2612 410 2653 cordiam
434 2614 484 2654 ‹le
506 2613 547 2655 d.
571 2615 759 2667 prioratu
783 2628 808 2655 a
828 2614 933 2656 Rob.
959 2614 1010 2656 de
1030 2615 1073 2655 la
1098 2613 1357 2655 Menardiere
1392 2613 1501 2655 Cler.
1525 2615 1734 2667 resignato
1771 2620 1814 2656 et

225 2684 399 2736 collegio
419 2683 461 2725 S.
486 2684 520 2725 Ι.
546 2686 587 2725 in
624 2699 705 2739 opp
743 2684 992 2727 Cadomensi
1023 2685 1062 2727 d.
1089 2686 1221 2727 dioec.
1246 2686 1365 2727 unito
1395 2686 1560 2738 initam,
1584 2690 1632 2727 ut
1659 2687 1812 2726 instru-

225 2759 366 2796 mento
388 2770 516 2797 manu
539 2756 654 2797 Petri
675 2757 725 2798 de
748 2756 971 2799 Choturier
990 2762 1078 2798 not.
1102 2756 1218 2811 publ.
1243 2759 1266 2797 6
1288 2757 1368 2799 Iul.
1386 2761 1531 2810 rogato
1556 2757 1806 2798 continetur.

222 2825 290 2867 Fr.
319 2828 423 2867 1600
445 2826 539 2868 duc.

224 2891 265 2925 R.
285 2903 343 2935 ap.
363 2892 398 2926 S.
421 2893 461 2926 P.
483 2893 514 2927 V
533 2893 605 2927 kal.
629 2893 712 2927 Dec.
736 2895 818 2929 1609
837 2894 877 2928 Ρ.
898 2904 957 2929 an.
979 2893 1021 2927 V.

1372 3016 1460 3059 Rey.
1482 3014 1569 3049 bull.
1590 3014 1658 3050 IV.
1680 3016 1752 3049 127.
1774 3014 1809 3049 b.

1972 2914 1989 3252 n-uz-*3.aana‡-.u·*.a.·ae:.a....1.
1982 2865 1989 2896 2..
1983 2837 1989 2839 .
1983 2791 1987 2797 -.
1986 2745 1989 2749 .
1986 2713 1989 2725 ,.
1987 2672 1989 2677 .
1986 2647 1989 2649 .
