1989 3252
134 221 275 266 Pauli
293 221 348 266 V.
803 242 856 249 —-
884 220 964 260 257
996 244 1048 249 —
1577 221 1706 265 1610.

217 309 314 353 107.
346 310 602 351 Pastoralc's
621 308 758 360 officii
777 321 907 349 cura.
930 331 955 336 -
971 305 1090 347 Paul.
1111 305 1146 347 V
1168 306 1406 360 primicerio
1421 305 1523 347 eccl.
1546 305 1711 359 Neapo-

136 378 258 419 litan.
281 381 323 418 et
342 378 422 418 vic.
445 391 537 430 gen.
563 376 889 429 Archiepiscopi‚
910 377 1135 418 committit
1157 380 1201 417 ut
1227 377 1398 418 attentis
1420 377 1501 418 litt.
1527 376 1648 417 Pauli
1669 376 1711 418 II

139 455 246 492 Cum
280 456 326 491 ῑη
358 452 567 492 omnihus
597 450 795 495 ἰ’ῑιιίῑσῑιζς,
832 446 1080 488 confirment
1114 447 1376 488 concordiam
1415 448 1563 488 initam
1604 448 1714 488 inter

133 518 319 560 Priorem
339 522 381 559 et
400 517 621 559 canonicos
642 517 885 558 monasterii
905 517 946 558 S.
974 517 1029 559 M.
1049 517 1100 558 de
1121 518 1295 570 capellis
1311 518 1354 558 in
1369 518 1578 559 suburbiis
1598 517 1710 559 Neo-

133 589 253 643 polit.
275 588 324 631 O.
347 587 389 629 S.
414 589 518 641 Aug.
543 601 636 629 can.
668 601 752 640 reg.
776 587 977 641 Congreg.
1010 587 1052 629 S.
1085 588 1310 629 Salvatoris
1340 602 1501 629 necnon
1530 594 1730 645 rectores

132 659 279 701 domus
297 659 418 713 prob.
441 658 510 701 SS.
535 658 728 700 Andreae
757 664 798 700 et
824 658 975 700 Vitalis
1005 658 1055 700 de
1085 658 1199 700 Urbe
1229 673 1279 701 ac
1309 659 1472 712 collegii
1502 659 1710 701 Massalu-

133 729 251 772 bren.
276 729 316 773 S.
340 729 375 772 Ι.
398 743 524 783 super
544 729 724 783 quadam
745 730 947 770 massaria
968 732 1010 770 in
1030 731 1165 771 territ.
1185 729 1319 783 Neap.
1332 731 1462 783 juxta
1482 730 1713 772 haeredum

134 801 344 855 quondam
376 801 492 842 Vino.
530 799 745 853 Caporalis
776 813 822 841 ac
851 800 881 840 F
884 813 997 842 ranc.
1032 805 1075 841 et
1102 800 1244 841 Anelli
1274 800 1324 841 de
1356 800 1592 842 Terracinis
1621 815 1714 843 nec-

135 885 219 913 non
238 872 402 925 collegii
418 871 459 913 S.
477 870 512 913 Ι.
532 871 641 912 bona
656 871 879 924 lacumque
896 871 1060 924 Anagni
1075 872 1171 923 sita,
1190 871 1243 912 ad
1263 871 1303 912 d.
1322 876 1501 913 monast.
1521 877 1713 925 spectan-

135 947 194 995 te,
216 956 242 984 a
270 942 380 984 Iulio
410 947 451 984 et
479 942 644 983 Domin.
677 942 728 983 de
759 942 994 983 Terracinis
1029 943 1162 996 pretio
1193 944 1326 983 27500
1358 943 1451 983 duc.
1484 943 1638 995 partim
1669 942 1709 985 d.

137 1012 279 1054 domui
300 1013 418 1067 prob.
441 1015 595 1067 partim
617 1013 655 1054 d.
680 1013 854 1066 collegio
875 1013 1059 1054 vendita.

132 1079 178 1116 R.
198 1091 255 1122 ap,
279 1079 314 1114 S.
334 1081 385 1115 M.
404 1080 488 1114 XJV
507 1079 581 1113 kal.
602 1079 700 1121 Sept.
723 1082 806 1114 1610
824 1080 863 1112 P.
885 1090 942 1113 an.
966 1080 1025 1114 VI.

1333 1203 1419 1245 Ray.
1440 1203 1527 1238 bun.
1548 1203 1569 1236 l
1580 1203 1615 1239 v.
1635 1206 1710 1239 156.

217 1337 320 1380 108,
352 1335 522 1385 Magyna
542 1344 623 1373 nos
644 1337 689 1372 ῑη
714 1336 915 1373 Domino.
940 1359 965 1364 -
993 1334 1114 1375 Paul.
1150 1333 1183 1374 V
1214 1332 1438 1374 Godefrido
1467 1333 1558 1387 Epo
1588 1333 1713 1375 Bam-

136 1405 302 1458 bergen.
324 1404 561 1459 gratulatur
581 1403 691 1458 quod
720 1403 773 1444 ad
802 1403 1143 1444 reformationem
1174 1403 1275 1444 cleri
1306 1409 1347 1445 et
1376 1404 1707 1446 adolescentulo-

137 1490 231 1518 rum
253 1475 545 1517 educationem
567 1476 809 1528 cogitaverit
829 1474 879 1515 de
900 1474 993 1515 coll.
1019 1476 1062 1514 in
1079 1474 1117 1515 d.
1139 1475 1308 1516 civitate
1326 1475 1520 1527 erigendo
1538 1475 1614 1517 sub
1631 1476 1713 1516 dis-

138 1547 294 1601 ciplina
315 1552 440 1600 atque
461 1545 651 1587 custodia
670 1545 933 1587 sacerdotum
954 1544 994 1586 S.
1019 1544 1054 1586 I.
1079 1544 1280 1586 Hortatur
1300 1551 1346 1586 ut
1375 1546 1520 1587 sedulo
1552 1553 1595 1587 et
1626 1559 1713 1587 ma-

135 1624 228 1660 ture
247 1632 336 1660 rem
357 1617 559 1671 perficiat.

133 1685 178 1720 R.
198 1695 254 1728 ap.
276 1684 311 1718 S.
332 1684 381 1718 M.
403 1694 454 1727 pr.
475 1695 559 1718 non.
580 1684 677 1726 Sept.
700 1686 780 1718 1610
799 1684 838 1717 Ρ,
858 1694 915 1716 an.
937 1683 997 1717 VI.

134 1805 282 1845 Weber,
311 1803 439 1839 Gesch.
458 1804 524 1837 der
551 1829 572 1836 ..
595 1830 602 1838 .
619 1804 776 1837 Schulen
796 1807 845 1835 im
937 1802 1131 1844 Bamberq,
1150 1805 1226 1837 5853.
1277 1803 1362 1845 Ray.
1384 1803 1470 1835 bum.
1491 1803 1554 1836 IV.
1580 1805 1638 1838 148
1671 1803 1707 1837 b.

217 1932 318 1976 109.
349 1937 422 1973 Eas
439 1932 689 1986 pastoralis
709 1933 856 1983 officii.
879 1952 905 1958 -
925 1927 1045 1968 Paul.
1070 1926 1105 1967 V
1126 1926 1291 1967 officiali
1326 1926 1572 1968 Ambianen.
1596 1939 1707 1967 com-

135 2002 268 2043 mittit
285 2006 333 2042 ut
358 2015 453 2042 cum
484 2000 578 2041 coll.
602 2000 641 2041 S.
666 1999 701 2041 I.
733 2000 778 2040 in
806 2000 885 2040 civ.
919 1999 1191 2039 Ambianensi
1221 1997 1274 2038 ab
1307 1998 1435 2038 Henr.
1468 1996 1526 2037 IV
1558 1996 1589 2037 F
1592 2010 1707 2038 ranc.

134 2086 219 2126 reg.
243 2073 387 2114 christ.
410 2071 645 2113 introducto
666 2071 785 2111 uniat
806 2075 1049 2124 perpetuam
1069 2069 1346 2122 capellaniam
1368 2068 1444 2108 sub
1466 2069 1550 2109 inv.
1570 2066 1609 2108 S.
1636 2066 1709 2107 Ni-

133 2144 241 2186 colai
260 2144 303 2184 in
322 2157 410 2197 par.
431 2142 533 2184 eccl.
558 2142 696 2195 oppidi
717 2155 790 2182 seu
811 2142 890 2182 loci
911 2140 961 2181 de
982 2139 1203 2181 Parlewicz
1224 2138 1484 2191 (Parvillers)
1502 2138 1542 2179 d.
1568 2138 1700 2179 dioec.

133 2228 159 2256 a
178 2213 271 2256 Car.
305 2214 356 2255 de
376 2213 562 2267 Vasquez
592 2212 824 2266 capellano,
857 2220 898 2252 et
929 2211 1158 2264 prioratum
1188 2210 1229 2250 S.
1254 2209 1432 2250 Dionisii
1462 2209 1510 2249 O.
1537 2209 1580 2250 S.
1602 2208 1705 2249 Ben.

133 2285 175 2327 d.
199 2285 331 2327 dioec.
360 2299 391 2331 a
413 2298 523 2325 mon.
548 2284 658 2325 dicto
688 2282 944 2323 Momoncier
974 2280 1279 2334 dependentem
1309 2285 1351 2320 et
1379 2293 1404 2320 a
1432 2279 1494 2320 Io.
1526 2279 1585 2319 Le
1616 2278 1706 2332 Roy

134 2369 283 2398 canon.
307 2360 349 2397 et
368 2355 597 2397 camerario
617 2353 719 2395 eccl.
742 2353 990 2394 Ambianen.
1014 2352 1261 2404 resignatos.
1284 2350 1350 2392 Fr.
1376 2352 1429 2391 24
1450 2349 1542 2391 duc.

135 2421 177 2457 R.
196 2432 254 2465 ap.
276 2421 311 2456 S.
332 2421 382 2456 M.
403 2421 450 2456 111
467 2421 514 2455 id.
535 2420 632 2463 Sept.
653 2421 737 2454 1610
755 2419 795 2452 Ρ.
816 2429 874 2452 an.
899 2418 957 2452 VI.

1340 2532 1430 2577 Rey.
1449 2531 1537 2566 buu.
1556 2532 1620 2568 IV.
1641 2535 1714 2568 149.

216 2670 314 2718 110.
347 2674 511 2715 oratos
532 2676 735 2715 Domino.
758 2693 784 2699 —
804 2666 925 2709 Paul.
948 2666 984 2708 V
1002 2665 1169 2708 officiali
1188 2664 1462 2718 Bambergen.
1484 2663 1709 2705 committit

136 2746 184 2784 ut
199 2756 294 2783 cum
310 2741 406 2784 coll.
424 2741 464 2783 S.
483 2741 519 2783 I.
537 2742 581 2782 in
602 2740 643 2782 d.
662 2753 758 2794 opp.
777 2753 803 2781 a
822 2738 1070 2779 Baldassare
1091 2736 1242 2777 abbate
1263 2736 1507 2777 monasterii
1523 2735 1562 2776 S.
1585 2734 1711 2776 Boni-

133 2813 233 2855 facii
253 2812 301 2854 Ο.
324 2811 366 2854 S.
390 2812 492 2854 Ben.
515 2811 649 2854 eiusd.
671 2824 768 2864 opp.
793 2809 978 2851 construi
999 2812 1146 2860 coepto
1175 2807 1297 2848 uniat
1327 2805 1408 2848 duo
1438 2807 1482 2847 in
1502 2804 1544 2847 S.
1571 2805 1714 2847 Crucis

133 2877 403 2920 Nunfololen.
426 2882 467 2919 et
495 2878 582 2919 alia
608 2877 690 2918 tria
718 2873 996 2929 (praebendas
1015 2872 1280 2914 canonicales
1312 2873 1459 2924 nunc.)
1479 2871 1523 2911 in
1545 2876 1714 2911 sanctae

134 2948 337 2992 ecclesiae
355 2949 600 2991 Rostanfen.
618 2947 849 3000 collegiatis
870 2944 1070 2998 aliudque
1091 2942 1145 2985 ad
1160 2941 1202 2984 S.
1224 2942 1367 2984 Iacobi
1383 2943 1428 2983 in
1444 2940 1711 2984 conventuali

133 3019 176 3063 S.
196 3020 448 3063 Catherinae
469 3020 576 3062 arcis
595 3018 771 3081 Fulden.
793 3016 996 3070 ecclesiis,
1018 3028 1181 3058 necnon
1200 3013 1317 3056 aliud
1337 3014 1382 3056 in
1411 3013 1573 3068 capello
1603 3013 1712 3054 arcis
