1989 3252
96 165 237 209 Pauli
256 165 310 208 V.
766 183 822 189 -——
848 159 925 199 281
957 183 1010 188 —
1543 154 1669 197 1618.

181 253 280 296 5201.
314 250 355 291 S.
381 249 530 301 Congr.
555 247 678 289 Conc.
702 272 728 278 —
748 246 937 288 Romana
956 246 1096 298 legati.
1122 270 1147 275 -
1167 244 1366 297 Legatum
1388 254 1536 283 census
1566 244 1672 281 scut.

100 323 204 362 1000
225 322 268 361 in
288 325 398 362 sorte
418 334 443 361 a
463 319 671 373 quondam
693 317 853 359 Clarice
882 318 1039 358 factum
1070 316 1207 357 deberi
1241 313 1383 355 domui
1411 312 1520 365 prof.
1550 311 1670 352 Rom.

99 392 140 435 S.
164 392 199 432 I.
222 391 450 445 legatariae
479 404 561 432 non
584 390 637 430 ad
657 388 850 431 effectum
874 387 1097 439 retinendi⁷
1115 386 1187 428 sed
1208 382 1489 438 consequendi
1512 396 1564 424 ex
1585 383 1676 423 eius

97 462 336 504 venditione
356 462 689 503 aestimationem
715 461 758 501 in
778 460 868 501 eius
894 459 1161 500 necessitates
1191 461 1233 498 et
1260 456 1350 510 pios
1379 468 1480 495 usus
1509 465 1676 495 conver-

97 533 282 574 tendam.

99 602 193 634 1617.

97 707 210 741 Anal.
229 709 305 741 iur.
322 712 427 748 pont.
448 709 473 742 t.
492 709 512 741 9
530 718 564 749 p.
583 708 657 741 343.

179 816 285 860 ⁶202.
318 815 368 855 A.
392 813 438 855 P.
459 813 508 854 R.
527 812 585 854 M.
605 820 678 856 Ex
690 818 947 869 pastoralis
967 816 1115 866 officii.
1140 835 1165 840 —
1186 809 1307 850 Paul.
1326 808 1375 859 V,
1393 812 1562 861 petente
1578 807 1678 848 Ber-

98 885 355 927 na1·dotit.S.
381 885 627 925 Anastasiae
647 883 785 937 presb.
809 882 931 924 Card.
952 882 1002 923 de
1019 881 1224 923 Sandoval
1240 885 1281 921 et
1302 880 1427 921 Roias
1448 892 1572 920 nunc.
1591 882 1677 918 tam

100 970 174 997 suo
195 969 321 1010 quam
342 956 514 996 rectoris
537 960 578 996 et
599 954 879 1005 collegialium
902 952 995 993 coll.
1021 952 1061 993 S.
1086 951 1121 992 Ι.
1147 950 1409 1003 Compluten.
1434 955 1473 990 et
1495 952 1680 989 caetero-

99 1041 189 1068 rum
231 1028 272 1067 in
308 1027 479 1067 decimis
515 1026 899 1078 archiepiscopatus
940 1024 1128 1065 Toletan.
1168 1024 1367 1063 interesse
1416 1021 1677 1072 habentium,

100 1098 362 1139 concordiam
383 1098 531 1138 initam
554 1110 679 1149 super
699 1095 871 1137 decimis
893 1109 945 1136 ex
966 1096 1088 1135 terris
1109 1099 1150 1135 et
1180 1093 1417 1134 alvearibus
1447 1097 1490 1133 et
1519 1091 1679 1144 pecori-

98 1170 176 1210 bus
192 1169 231 1209 d.
256 1168 418 1220 collegii
438 1166 720 1221 percipiendis
740 1166 971 1207 confirmat.

97 1235 140 1269 R.
161 1247 218 1277 ap.
239 1236 272 1267 S,
295 1235 342 1269 M.
363 1235 410 1269 M.
432 1245 482 1277 pr.
507 1234 687 1268 11‹›n.1an.
708 1235 792 1267 1617
813 1233 851 1265 P.
873 1243 930 1264 an.
953 1232 1050 1267 XIII.

1300 1340 1386 1382 Rey.
1409 1338 1497 1373 buli.
1516 1338 1581 1372 IV.
1603 1339 1676 1372 301.

181 1454 285 1498 ⁵303.
318 1450 475 1492 Gedula
504 1450 806 1490 consistorialis
835 1448 1083 1501 provisionis
1114 1447 1314 1488 ecclesiae
1343 1445 1602 1498 Funayensis
1636 1446 1679 1485 in

101 1536 278 1577 persona
298 1521 445 1562 Didaci
467 1520 645 1562 Valente
666 1520 706 1562 S.
732 1520 765 1561 Ι.

100 1593 119 1624 8
139 1590 211 1623 Ian.
233 1591 316 1622 1615
334 1589 375 1622 P.
396 1598 454 1621 an.
475 1587 572 1622 XIII.

100 1696 198 1729 Ball.
216 1702 313 1739 patr.
337 1696 484 1737 Portus),
508 1700 531 1727 t.
551 1696 593 1730 II.
617 1707 649 1737 p.
667 1698 718 1729 28.

181 1820 286 1862 204.
319 1817 369 1857 A.
395 1816 438 1856 F.
466 1815 515 1855 R.
541 1814 597 1856 M.
626 1818 752 1858 Alias
772 1822 955 1858 nomme
976 1828 1069 1857 ven.
1092 1816 1154 1867 fr.
1178 1837 1202 1842 —
1233 1811 1354 1853 Paul.
1380 1810 1414 1851 V
1445 1810 1496 1851 de
1527 1810 1679 1851 litteris

99 1889 183 1928 suis
205 1901 330 1940 super
349 1887 499 1928 ritibus
522 1886 821 1926 brachmanum
855 1885 946 1932 (cfr.
983 1899 1021 1925 n.
1060 1885 1154 1937 174)
1185 1883 1373 1924 decernit
1402 1882 1680 1934 archiepisco-

99 1973 199 2011 pum
222 1959 528 2011 Granganorcn.
552 1971 634 1998 non
655 1957 791 1998 teneri
821 1970 864 1997 se
885 1956 1072 1997 conferre
1103 1955 1232 1995 Goam
1263 1954 1351 2004 sed,
1384 1953 1526 1994 audito
1557 1966 1681 2006 super

99 2029 248 2070 ritibus
269 2029 496 2082 praedictis
518 2028 699 2068 Roberto
722 2027 772 2068 de
792 2026 1014 2068 Nobilibus
1035 2025 1174 2079 presb.
1199 2025 1238 2067 S.
1264 2025 1298 2065 Ι.
1325 2030 1467 2065 votum
1489 2037 1610 2064 suum
1638 2024 1681 2064 in

100 2101 267 2153 scriptis
297 2114 372 2153 per
400 2099 593 2141 eumdem
626 2098 854 2140 Robertum
884 2098 1171 2139 transmittere
1192 2096 1245 2137 ad
1265 2095 1451 2148 archiep.
1475 2094 1605 2136 Goan.
1639 2099 1682 2134 et

99 2170 390 2224 Inquisitores.

100 2237 142 2270 R.
161 2248 217 2280 ap.
236 2237 271 2270 S.
292 2237 343 2271 M.
363 2237 396 2269 M
432 2236 548 2271 XVIII
566 2236 642 2271 Ian.
665 2238 748 2270 1618
768 2235 808 2269 Ρ.
827 2246 886 2268 an.
906 2234 1001 2270 XIII.

1301 2342 1386 2383 Req.
1407 2340 1494 2375 bull.
1515 2340 1582 2374 JV.
1601 2342 1677 2374 297.

182 2467 285 2510 205.
323 2470 529 2508 Pastoris
548 2470 734 2507 aeterni.
760 2488 785 2493 —
805 2462 919 2503 Paul.
942 2461 978 2502 V
1000 2461 1365 2503 Bartholomaeum
1388 2459 1425 2500 N
1429 2473 1533 2500 unez
1554 2472 1678 2500 cano-

100 2537 285 2576 nicatum
315 2539 356 2575 et
385 2534 664 2587 praebendam
696 2534 900 2574 ecclesiae
931 2532 1178 2573 Cocchinen.
1203 2532 1246 2571 in
1267 2531 1398 2571 Indiis
1420 2530 1679 2571 obtinentem

33 2639 35 2641 .
101 2611 144 2647 et
163 2606 196 2647 I.
221 2605 274 2647 U.
299 2605 519 2646 Doctorem
542 2606 585 2644 in
606 2618 727 2645 suum
749 2618 797 2644 ac
819 2604 860 2645 S.
885 2603 1002 2645 Sedis
1022 2603 1230 2644 notarium
1251 2602 1415 2655 recipit.

102 2673 142 2706 R.
163 2684 220 2714 ap.
242 2672 264 2706 S
300 2672 347 2704 M.
366 2672 414 2704 M.
436 2671 555 2705 XVIII
571 2671 647 2705 Ian.
668 2673 751 2705 1618
773 2670 811 2703 Ι).
831 2681 890 2703 an.
910 2670 1007 2704 XIII.

1306 2777 1389 2818 Ray.
1411 2776 1500 2810 bzcll.
1520 2776 1584 2810 IV.
1605 2777 1681 2810 296.

184 2900 288 2942 ⁶306.
321 2897 470 2949 Congr.
491 2897 532 2937 S.
551 2894 631 2937 Off.
651 2922 677 2926 -
692 2896 841 2937 Petrus
858 2897 922 2937 tit.
943 2895 968 2937 S
996 2895 1053 2936 M.
1073 2900 1188 2935 trans
1206 2893 1390 2935 Tiberim
1408 2893 1686 2935 Aldobrandi-

102 2982 196 3019 nus,
227 2967 432 3008 Robertus
462 2968 528 3008 tit.
563 2967 604 3011 S.
637 2967 694 3008 M.
728 2968 770 3007 in
800 2968 868 3007 via
897 2967 1195 3018 Bellarminus‚
1227 2965 1406 3007 Ioannes
1439 2964 1587 3006 Garsia
1617 2965 1682 3005 tit.
