1989 3252
275 194 417 239 Pauli
437 195 488 238 V.
946 216 1001 221 -
1029 193 1111 233 244
1141 216 1195 222 -
1729 196 1863 241 1608.

276 281 371 335 (cfr.
395 279 528 321 Clem.
552 278 673 326 VIH,
692 292 733 320 n.
761 279 856 333 142)
876 278 1115 320 admittitur
1135 283 1177 321 et
1196 279 1440 321 conceditur
1460 284 1508 321 ut
1536 280 1614 321 fiat
1636 281 1862 334 resignatio

276 351 316 393 d.
339 352 550 404 prioratus
570 349 625 391 ad
645 348 841 392 effectum
862 351 1029 391 unionis
1049 364 1144 391 cum
1166 350 1261 392 coll.
1281 349 1323 393 S.
1343 350 1378 392 Ι.
1403 351 1634 403 Auxitano,
1653 351 1764 405 quod
1794 353 1864 394 vix

276 423 321 463 in
339 421 572 463 redditibus
592 420 720 462 habet
739 420 850 462 unde
870 420 985 462 illius
1005 425 1142 462 rector
1171 426 1214 463 et
1242 421 1481 475 collegiales
1510 423 1740 463 sustentari
1769 436 1864 476 pos-

274 493 370 534 sint.
393 491 545 533 Pensio
566 493 646 533 200
668 504 759 532 aur.
785 492 883 544 (180
905 491 1020 543 duc.)
1041 490 1081 532 d.
1107 491 1233 533 Petro
1254 496 1485 534 reservata.

273 559 319 595 R.
339 569 396 602 ap.
418 558 453 593 S.
474 558 515 592 P.
535 558 585 593 111
603 557 650 592 id.
671 557 780 593 Mart.
802 557 843 591 Ρ.
862 567 921 591 an.
942 557 1005 593 ΠΙ.

1507 669 1595 711 Rey.
1615 668 1708 703 buu.
1724 668 1788 703 IV.
1809 670 1863 704 83.

358 792 434 837 60.
469 795 634 833 Gratos
657 796 860 833 Domino.
893 813 919 819 -
949 787 1070 830 Paul.
1105 789 1139 830 V
1171 792 1343 842 petente
1374 787 1435 831 Cl.
1469 789 1688 843 Aquaviva
1718 789 1786 831 Pr.
1810 788 1861 831 G.

272 861 312 903 S.
337 861 373 903 Ι.
405 860 579 902 mandat
613 859 784 901 officiali
819 858 1112 902 Lombaricen.
1144 865 1204 911 ut,
1227 865 1404 902 vacante
1433 873 1509 914 per
1542 860 1862 902 translationem

271 932 485 974 Francisci
497 932 638 986 Episc.
658 930 857 973 Sabinen.
873 929 1109 972 Cardinalis
1127 931 1177 972 de
1193 930 1376 984 Gyoiosa
1393 931 1446 972 ad
1463 931 1688 974 ecclesiam
1705 931 1862 974 Rotho-

273 1018 437 1058 magen.
460 1004 558 1046 sede
578 1005 706 1057 episc.
731 1002 984 1055 Tholosana,
1007 1008 1262 1057 exsequatur
1277 1003 1452 1057 petitam
1470 1016 1495 1044 a
1510 1003 1694 1057 capitulo
1711 1002 1864 1045 Tholo-

273 1091 362 1119 san.
387 1076 592 1118 ecclesiae
613 1076 811 1116 unionem
841 1089 937 1116 cum
968 1074 1065 1116 coll.
1088 1073 1129 1116 S.
1157 1074 1192 1116 I.
1217 1074 1453 1116 Tholosano
1483 1074 1678 1116 beneficii
1709 1074 1859 1116 eccles.

271 1162 345 1191 seu
366 1147 538 1202 paroch.
564 1147 666 1189 eccl.
686 1146 727 1189 S.
746 1146 966 1188 Laurentii
986 1145 1037 1187 de
1058 1144 1258 1199 Cognaux
1277 1151 1320 1187 et
1342 1146 1565 1188 Villanova
1585 1159 1692 1200 quae
1714 1159 1740 1188 a
1765 1146 1865 1188 civi—

271 1224 359 1262 tate
380 1219 620 1262 Tholosana
638 1220 763 1260 unius
783 1218 931 1260 leucae
960 1218 1112 1260 itinere
1142 1217 1285 1271 distat,
1318 1231 1445 1272 quam
1466 1217 1560 1260 Nic.
1585 1217 1699 1260 Giles
1728 1223 1865 1261 rector

270 1293 385 1346 prior
404 1292 618 1345 resignare
638 1290 835 1333 intendit.
859 1290 929 1332 Fr.
950 1292 1027 1332 150
1050 1290 1149 1333 (166.

271 1359 314 1394 R.
333 1370 392 1403 ap.
413 1358 449 1394 S.
471 1359 508 1393 P.
532 1359 599 1394 VII
616 1358 691 1393 kal.
710 1360 798 1401 Apr.
820 1360 904 1393 1608
922 1357 963 1391 Ρ.
982 1368 1041 1391 an.
1060 1357 1123 1393 111.

1448 1466 1539 1510 Reg.
1560 1467 1648 1508 buu,
1665 1467 1732 1501 JV.
1751 1469 1808 1503 77.
1828 1466 1862 1501 b.

356 1590 424 1634 61.
461 1591 810 1632 considerantes
829 1590 1081 1643 Relzyz‘osos
1096 1592 1137 1630 S.
1157 1593 1190 1630 l.
1214 1610 1241 1617 -
1261 1585 1382 1627 Paul.
1402 1585 1439 1627 V
1460 1599 1555 1627 cum
1575 1585 1670 1628 coll.
1690 1584 1731 1628 S.
1751 1585 1786 1628 Ι.
1809 1586 1863 1628 ab

273 1661 459 1703 Henrico
479 1659 571 1713 Epo
593 1659 857 1701 Lemovicen.
876 1661 923 1698 ut
939 1657 1111 1699 meliore
1135 1662 1281 1699 contra
1300 1657 1495 1699 haeresin
1516 1671 1623 1712 quae
1644 1658 1688 1698 in
1707 1659 1864 1699 vicinia

273 1732 430 1775 multas
450 1732 642 1773 civitates
667 1730 815 1772 infecit
843 1728 1027 1771 remedio
1058 1742 1169 1771 anno
1201 1730 1306 1772 1598
1336 1733 1489 1781 erecto,
1521 1729 1654 1771 relata
1683 1743 1709 1770 a
1739 1730 1861 1771 Petro

273 1804 431 1857 Poyley
461 1803 663 1844 canonico
699 1801 801 1843 eccl.
838 1800 1103 1842 Lemovicen.
1140 1800 1181 1843 d.
1214 1801 1379 1854 collegii
1417 1801 1575 1854 inopia,
1608 1800 1862 1842 instantibus

271 1875 514 1918 consulibus
534 1874 734 1926 civitatis,
753 1873 845 1914 unit
865 1873 1097 1926 prioratum
1122 1872 1458 1925 conventualem,
1480 1886 1562 1914 non
1582 1877 1726 1915 tamen
1750 1872 1858 1915 elec-

271 1950 407 1989 tivum
427 1946 469 1989 S.
492 1945 550 1988 M.
575 1946 627 1987 de
649 1945 756 1986 Altis
776 1944 968 1986 Vallibus
988 1943 1038 1986 O.
1057 1943 1100 1986 S.
1119 1945 1225 1998 Aug.
1249 1944 1290 1985 d.
1315 1944 1447 1986 dioec.
1473 1943 1679 1985 bellorum
1700 1945 1857 1986 iniuria

271 2020 473 2071 dirutum,
496 2032 522 2060 a
540 2018 794 2059 monasterio
816 2017 866 2058 de
897 2015 1060 2058 Corona
1083 2015 1366 2069 Engolismen.
1392 2016 1523 2057 dioec.
1549 2015 1857 2069 dependentem

272 2097 314 2133 et
334 2105 360 2133 a
381 2091 511 2133 Mich.
533 2090 753 2143 Auguereo
774 2089 874 2131 cler.
894 2089 1153 2141 resignatum
1169 2087 1231 2138 (fr.
1251 2089 1305 2129 24
1319 2087 1452 2141 duc.)‚
1471 2093 1515 2129 et
1528 2088 1701 2141 paroch.
1720 2088 1854 2129 eccle-

271 2165 377 2205 siam
398 2161 439 2204 S.
460 2161 581 2203 Pauli
601 2161 854 2214 Mastigliaci
869 2174 894 2201 a
909 2160 1200 2201 Lemovicensi
1215 2159 1329 2201 civit.
1348 2161 1372 2199 7
1390 2158 1561 2200 milliar.
1584 2158 1811 2201 distantem
1832 2172 1858 2201 a

270 2234 398 2276 Leon.
424 2233 628 2275 Bandelle
648 2237 809 2274 rectore
840 2232 1093 2285 resignatam
1113 2230 1182 2284 (fr.
1208 2232 1285 2272 150
1316 2230 1432 2280 duc.)
1467 2246 1474 2272 :
1498 2230 1624 2271 huius
1654 2243 1755 2272 cura
1783 2243 1859 2284 per

269 2307 474 2348 vicarium
496 2305 550 2347 ad
569 2309 720 2347 nutum
739 2305 915 2346 rectoris
935 2302 1101 2356 collegii
1119 2302 1403 2353 amovibilem,
1434 2303 1646 2356 assignata
1674 2315 1857 2355 congrua

270 2379 461 2433 portione
481 2380 534 2419 50
554 2377 608 2419 ad
631 2379 708 2418 100
729 2375 844 2428 duc.‚
867 2374 1118 2417 exercenda.

272 2446 316 2481 R.
335 2457 393 2489 ap.
414 2447 449 2478 S.
470 2446 512 2480 P.
531 2445 581 2481 III
598 2456 682 2480 non.
702 2447 792 2487 Apr.
812 2445 897 2479 1608
915 2443 958 2478 Ρ.
977 2453 1036 2477 an.
1057 2442 1122 2478 ΙΙΙ.

1450 2552 1536 2595 Req.
1557 2551 1647 2587 bulc.
1664 2550 1730 2586 IV.
1748 2552 1803 2587 79.
1824 2551 1859 2586 b.

356 2678 429 2722 62.
459 2675 509 2716 A.
533 2673 581 2716 F.
604 2673 655 2716 R.
685 2673 742 2715 M.
771 2680 879 2717 Cum
905 2675 1016 2727 fidei
1042 2674 1291 2716 catholicae
1309 2673 1589 2716 rudimenta.
1613 2695 1639 2702 —
1659 2671 1781 2714 Paul.
1804 2671 1857 2725 V,

271 2752 444 2802 petente
475 2746 651 2788 Henrico
682 2744 888 2787 Schereno
919 2743 962 2785 S.
989 2742 1025 2784 I.
1057 2756 1172 2796 prOV.
1206 2742 1343 2784 Rheni
1373 2742 1642 2796 Provinciali,
1665 2743 1859 2785 concedit

270 2818 426 2861 Christi
445 2817 642 2859 fidelibus
662 2815 903 2871 provinciae
924 2814 1061 2856 Rheni
1081 2818 1122 2856 et
1151 2813 1337 2856 locorum
1369 2814 1760 2856 circumvicinorum
1781 2815 1853 2869 qui

271 2904 426 2944 pueros
446 2890 591 2931 christ.
615 2888 849 2930 doctrinam
870 2886 1019 2928 docere
1039 2887 1332 2927 consueverint
1349 2885 1436 2927 ind.
1460 2885 1695 2939 plenariam
1721 2887 1766 2927 in
1787 2885 1854 2928 die

273 2962 381 3003 festo
395 2961 449 3003 ab
466 2960 687 3003 Ordinario
699 2960 782 3001 loci
793 2958 860 3000 vel
870 2957 923 3000 ab
941 2956 1088 2999 eodem
1103 2956 1356 2999 Provinciali
1373 2956 1643 3010 designando,
1662 2958 1706 2998 in
1723 2957 1859 3000 eccle-

274 3034 346 3075 siis
365 3032 405 3076 S.
425 3033 461 3075 I.
481 3033 515 3074 si
530 3045 628 3075 vere
644 3032 906 3085 poenitentes
923 3033 964 3072 et
980 3029 1175 3082 confessi,
1193 3042 1247 3070 ss.
1260 3027 1394 3071 Euch.
1414 3027 1528 3071 Sacr.
1541 3029 1687 3071 refecti
1702 3029 1860 3072 fuerint
