1989 3252
75 183 251 226 Urban.
274 180 401 225 VIII.
744 201 797 206 —
826 178 905 218 315
935 201 991 207 —
1523 177 1651 220 1626.

78 280 202 321 quam
245 267 497 308 erectionem
536 267 635 306 1611
678 265 868 318 promisit
897 264 1045 317 Praep.
1089 264 1192 306 Gen.
1234 263 1275 306 d.
1317 263 1407 305 Soc.
1450 276 1545 303 cum
1584 261 1651 302 dd.

76 338 188 378 bona
208 336 261 378 ad
281 350 466 378 annuum
495 336 679 377 valorem
705 337 808 376 1500
831 349 887 375 sc.
914 335 1139 376 ascendere
1169 335 1443 387 contingeret,
1476 337 1655 382 mutans,

77 408 146 449 dd.
179 407 288 448 bona
322 407 547 448 Taurinen.
586 406 759 458 collegio
794 406 992 458 assignet,
1029 407 1088 446 ita
1117 411 1164 446 ut
1197 405 1236 446 d.
1275 404 1527 447 Guillelmus
1555 405 1656 445 insi-

77 479 167 532 gnis
198 478 440 520 benefactor
474 491 569 518 cum
603 476 736 518 solitis
773 475 980 529 suffragiis
1014 476 1234 528 habeatur,
1268 477 1469 517 lectiones
1504 475 1657 516 artium

79 553 123 590 et
163 562 197 590 s,
220 548 454 601 theologiae
488 548 569 589 huc
604 547 924 588 introducantur
960 551 1002 587 et
1036 547 1254 588 missiones
1290 547 1332 587 in
1368 546 1408 588 d.
1442 545 1531 586 loco
1567 544 1660 586 fieri

79 618 257 660 soleant.

79 684 121 718 R.
142 694 199 727 ap.
221 683 257 718 S.
278 683 327 716 M.
347 684 396 718 M.
417 683 557 719 XXVII
576 683 653 717 Oct.
679 686 762 718 1625
780 683 820 716 Ρ.
840 694 897 716 an.
918 683 978 718 ΠΙ.

722 793 812 835 Rey.
832 792 921 825 buil.
951 793 986 825 V.
1007 794 1069 826 195
1088 793 1121 825 b.
1141 793 1265 825 szd.
1284 803 1332 833 pr
1364 792 1567 825 Mediolan.
1588 796 1611 822 t.
1632 790 1660 823 I.

160 902 230 945 39.
265 899 306 942 S.
330 900 478 953 Congr.
512 900 563 941 de
594 915 710 954 prop.
736 901 832 942 fide.
867 927 892 932 -
922 901 1146 942 Decretum
1178 900 1228 941 de
1259 898 1458 941 mandato
1490 897 1663 950 speciali

81 971 243 1013 Urbani
279 970 396 1022 VIII,
429 971 660 1012 rectoribus
695 972 906 1025 collegior.
940 972 1249 1025 pontificiorum
1287 970 1474 1011 districte
1510 969 1666 1022 praeci-

81 1042 199 1096 piens
221 1046 268 1083 ut
287 1041 340 1082 ab
375 1042 556 1082 alumnis
578 1044 649 1096 qui
687 1044 866 1084 maiores
891 1045 940 1084 14
971 1044 1091 1083 aunis
1126 1044 1167 1083 in
1199 1042 1238 1082 d.
1265 1042 1361 1082 coll.
1384 1041 1661 1093 recipientur,

82 1118 268 1167 tempore
303 1113 584 1165 admissionis,
608 1115 671 1155 vel
708 1115 741 1155 si
764 1116 944 1155 minores
980 1115 1151 1166 fuerint,
1175 1120 1265 1168 post
1292 1115 1341 1154 14
1362 1126 1460 1153 ann.
1484 1110 1664 1165 comple-

81 1189 188 1236 tum,
229 1185 510 1225 iuramentum
551 1186 672 1226 iuxta
721 1186 951 1226 subiectam
994 1186 1217 1227 formulam
1266 1185 1436 1225 omnino
1476 1184 1662 1235 exigant,

82 1255 271 1309 illudque
292 1256 334 1296 in
356 1256 553 1296 archiviis
575 1256 644 1298 dd.
669 1257 764 1298 coll.
788 1264 1014 1298 asservent.

81 1323 121 1356 24
140 1321 228 1355 Νον.
251 1324 346 1356 1625.

1401 1429 1552 1463 Elench.
1573 1429 1661 1462 buu.

164 1540 238 1583 40.
277 1541 537 1582 Coelestz'um
568 1555 828 1583 munerum.
848 1564 872 1570 -
889 1539 1177 1591 Urbau.VIII,
1196 1544 1364 1592 petente
1384 1537 1517 1578 Mutio
1534 1536 1664 1578 Vitel-

83 1607 222 1649 lescho
243 1608 391 1662 Praep.
412 1607 518 1650 Gen.
537 1608 576 1650 S.
598 1608 632 1650 1.
658 1609 960 1662 indulgentiam
978 1610 1088 1663 plen.
1114 1614 1155 1650 et
1175 1608 1448 1662 apostolicam
1470 1606 1663 1648 benedic-

83 1679 241 1720 tionem
261 1693 335 1732 pro
361 1679 627 1720 missionibus
660 1681 851 1721 concedit
880 1681 962 1735 (Ul.
987 1681 1108 1722 Pauli
1140 1680 1189 1721 V.
1213 1695 1253 1721 n.
1278 1681 1389 1732 225).
1414 1679 1476 1719 Ad
1499 1682 1662 1731 septen-

83 1749 214 1792 nium.

84 1815 127 1849 R.
146 1826 204 1858 ap.
225 1815 261 1850 S.
280 1816 322 1850 P.
345 1815 415 1851 XX
432 1817 517 1850 Dec.
537 1819 622 1852 1625
640 1816 679 1851 P.
699 1828 757 1850 an.
780 1817 837 1853 ΙΙΙ.

1250 1926 1338 1969 Rey.
1359 1925 1446 1959 bull.
1476 1925 1513 1957 V.
1535 1926 1608 1958 193.
1629 1924 1662 1957 b.

164 2035 234 2077 41.
270 2039 354 2079 Qui
381 2037 495 2077 [acte
515 2039 719 2090 pietalis.
745 2059 770 2065 -
791 2033 953 2076 Urban.
992 2034 1093 2076 VIII
1129 2036 1215 2088 regi
1246 2034 1445 2076 Poloniae
1481 2033 1664 2074 declarat

83 2102 423 2144 molestissimum
465 2104 544 2144 sibi
584 2105 787 2145 accidisse
828 2105 937 2158 quod
982 2106 1079 2146 talis
1119 2106 1327 2147 discordia
1366 2106 1519 2146 existat
1557 2105 1665 2144 inter

85 2173 344 2215 academiam
385 2174 703 2216 Cracoviensem
744 2184 784 2217 et
829 2175 910 2217 ΡΡ.
951 2177 992 2218 S.
1040 2177 1074 2217 I.
1121 2177 1342 2229 collegium
1393 2175 1665 2217 Cracoviense

83 2243 347 2285 moderantes
372 2260 379 2286 :
412 2251 551 2298 sperat
586 2246 628 2286 id
664 2247 831 2300 utrique
866 2248 977 2300 parti
1012 2248 1101 2289 fore
1138 2253 1301 2301 gratum
1338 2247 1448 2301 quod
1478 2245 1663 2287 tribunal

86 2317 202 2355 rotae
223 2314 468 2356 decreverit.
1219 2323 1223 2325 ’

83 2379 128 2414 R.
147 2390 205 2422 ap.
225 2379 260 2414 S.
277 2381 318 2414 P.
337 2380 410 2415 XX
428 2381 514 2415 Dec.
535 2384 618 2416 1625
636 2381 676 2414 Ρ.
697 2393 755 2415 an.
778 2382 836 2417 ΙΙΙ.

1091 2491 1216 2526 Fund.
1234 2491 1317 2525 Pol.
1338 2498 1361 2524 t.
1381 2492 1434 2526 II.
1457 2492 1664 2526 Cracovz'en.

170 2602 243 2644 42.
263 2598 411 2653 Congr.
433 2601 475 2642 S.
497 2599 578 2642 Off.
597 2626 623 2631 -
638 2601 881 2642 Facultates
902 2616 1124 2643 concessae
1146 2617 1171 2644 a
1187 2603 1228 2644 S.
1248 2603 1298 2645 D.
1318 2603 1373 2644 N.
1392 2604 1564 2646 Urbano
1581 2604 1664 2646 div.

88 2684 203 2723 prov.
229 2670 309 2711 ΡΡ.
335 2670 436 2712 VIII
466 2671 718 2725 presbyteris
740 2672 780 2714 S.
806 2672 840 2713 I.
865 2673 1140 2714 missionariis
1162 2675 1409 2727 profecturis
1430 2675 1666 2728 Smyrnam,

90 2740 294 2794 Aleppum
317 2746 358 2782 et
391 2741 443 2781 ad
465 2742 569 2782 alias
604 2743 792 2795 regiones
815 2743 986 2783 dominii
1009 2742 1237 2785 Turcarum
1272 2744 1324 2785 ad
1360 2745 1669 2799 propagandam

91 2810 232 2853 fidem.
257 2811 322 2852 Ad
341 2813 624 2864 septennium.

91 2876 215 2922 XXVI
231 2876 317 2910 Feb.
341 2880 435 2912 1626.

1262 2989 1349 3032 κερ.
1369 2989 1458 3023 bun.
1486 2990 1520 3022 V.
1543 2992 1615 3024 194.
1637 2990 1670 3024 b.
