1989 3252
43 174 186 218 Clem.
208 175 294 218 XI.
706 201 761 207 —-
788 179 865 218 451
899 203 952 208 -—
1495 183 1620 226 17:20.

126 265 223 308 115.
259 269 353 306 Είεῑ
375 266 562 307 minime
582 279 837 308 vereamur.
860 290 886 296 -
907 264 1037 307 Clem.
1059 267 1116 307 XI
1139 267 1288 307 Ioanni
1305 267 1503 309 Lanreati
1525 267 1566 310 S.
1586 268 1622 310 Ι.

41 334 244 375 visitatori
266 334 310 373 in
331 334 505 386 imperio
527 333 736 386 simarum,
760 337 967 388 quamvis,
992 342 1038 378 ut
1068 338 1256 390 confidit,
1281 338 1620 392 obtemperatum

38 403 191 445 litteris
206 404 357 457 Praep.
377 402 596 445 Generalis
620 405 723 458 Ang.
749 405 996 446 Tamburini
1013 408 1064 448 25
1081 407 1183 449 Feb.
1204 408 1329 461 datis,
1354 411 1620 451 commendat

42 473 240 515 Carolum
258 474 541 526 Ambrosium,
556 475 839 527 patriarcham
857 476 1205 530 Alexandrinum,
1225 480 1485 522 visitatorem
1502 494 1621 534 apos-

41 545 212 586 tolicum
234 546 277 585 in
298 544 493 586 Sinarum
514 545 692 599 aliisque
714 547 981 588 orientalium
1010 548 1224 590 Indiarum
1255 552 1408 604 regnis⁷
1433 557 1476 592 et
1505 553 1622 605 cupit

41 619 88 656 ut
107 629 201 656 cum
223 629 272 656 eo
292 622 410 657 curet
431 617 771 657 constitutionem
792 617 843 658 de
863 618 1014 659 ritibus
1035 619 1280 662 Sinensibus
1306 626 1403 663 ante
1433 625 1459 663 4
1490 636 1620 664 anuos

41 686 182 727 datam
202 687 449 728 inconcusse
470 687 699 730 observari.

39 752 83 787 R.
102 762 160 795 ap.
178 752 213 787 S.
234 752 283 786 Μ.
304 753 352 788 Μ.
373 753 495 788 XXIV
513 753 597 787 Feb.
621 756 704 788 1720
724 754 764 788 P.
785 766 843 789 an.
864 755 948 790 XX.

41 858 221 901 Hernaes,
245 860 431 895 Coleccion
450 861 528 902 ΙΙΙ,
551 864 622 896 188.

122 971 215 1013 116.
250 972 456 1013 Delaman
478 985 566 1014 mm
588 974 651 1014 ila
668 975 866 1027 pridem„
889 997 914 1002 -
930 972 1135 1015 Ο16111.Χ1
1152 975 1409 1018 Bernardino
1427 979 1620 1033 episcopo

40 1038 242 1081 Pekinen.
267 1039 475 1092 significat
494 1043 758 1083 auctoritatis
780 1044 1020 1096 pontificiae
1046 1045 1208 1098 pondus
1228 1061 1302 1100 per
1323 1048 1433 1090 decr.
1467 1048 1615 1103 Congr.

41 1109 82 1151 S.
95 1109 144 1150 R.
160 1109 320 1164 Inquis.
336 1113 561 1152 accessisse
579 1113 669 1153 eius
686 1113 841 1154 iudicio
858 1114 909 1156 de
926 1115 1066 1157 libello
1083 1118 1195 1170 typis
1212 1118 1363 1159 Sinicis
1384 1120 1585 1173 impresso
1608 1137 1615 1162 :

42 1182 320 1236 Informate‘o
361 1196 436 1235 pro
466 1184 642 1224 veritate
672 1190 817 1226 contra
847 1186 1098 1240 iniquiorem
1134 1188 1288 1229 famam
1323 1204 1510 1243 sparsam
1547 1206 1621 1244 per

41 1250 160 1293 Sinas
180 1265 274 1293 cum
295 1253 508 1295 calumnia
528 1253 607 1296 PP.
628 1254 669 1296 S.
689 1254 722 1296 I.
743 1260 786 1297 et
802 1255 1050 1300 detrimento
1067 1260 1291 1312 missionis,
1311 1264 1620 1304 communicata

40 1323 315 1365 missionariis
337 1327 379 1365 in
400 1326 577 1378 imperio
593 1326 757 1368 Sinensi
778 1341 886 1370 anno
910 1329 1193 1372 MDCCXVII.

41 1388 82 1422 R.
102 1399 158 1432 ap.
180 1389 216 1423 S.
236 1390 284 1425 M.
304 1391 352 1426 M.
373 1391 530 1427 XXVIII
547 1392 651 1427 Febr.
676 1396 757 1428 1720
778 1394 815 1428 Ρ.
837 1406 894 1428 an.
916 1395 1000 1429 XX.

39 1497 141 1533 Bull.
160 1500 203 1531 de
213 1509 373 1543 propag.
393 1500 466 1543 fide
483 1500 534 1534 II.
554 1503 629 1535 335.

123 1609 221 1652 117.
257 1611 337 1651 Nel
355 1615 495 1664 punto
516 1614 687 1654 istesso.
709 1635 735 1641 -
756 1610 886 1652 Clem.
910 1611 968 1652 XI
991 1612 1137 1654 Carolo
1167 1614 1289 1668 Hisp.
1313 1617 1443 1669 cath,
1478 1618 1616 1671 Hung.

39 1682 80 1718 et
100 1676 205 1719 Boh.
228 1679 316 1731 regi
336 1678 417 1732 ill„
442 1681 483 1720 in
504 1678 554 1722 R.
578 1680 612 1722 1.
637 1681 771 1723 electo
789 1685 954 1724 nuntiat
971 1683 1017 1725 P.
1037 1684 1238 1727 Alvarum
1255 1685 1501 1741 Cienfuegos
1523 1688 1561 1730 S.
1582 1690 1615 1730 I.

38 1750 146 1802 regis
161 1749 355 1802 precibus
372 1751 643 1804 instantibus,
655 1752 783 1795 fuisse
808 1755 850 1794 in
867 1756 1112 1797 consistorio
1138 1765 1325 1799 creat-um
1343 1759 1613 1803 cardinalem.

37 1814 82 1849 R.
101 1825 158 1858 ap.
179 1815 214 1849 S.
233 1815 284 1850 M.
304 1816 353 1850 M.
374 1816 484 1853 XXX
502 1817 601 1861 Sept.
623 1821 718 1854 1720.

39 1923 148 1959 Clem.
168 1924 263 1959 XI...
284 1928 388 1967 epist.

121 2035 222 2078 118.
255 2040 352 2078 Etsi
375 2038 455 2079 diu
487 2040 880 2083 haesitavemmus.
903 2064 927 2069 —
949 2040 1066 2081 Clem
1099 2040 1159 2082 XI
1181 2042 1333 2084 Alvaro
1352 2044 1393 2086 S.
1413 2043 1461 2086 R.
1483 2045 1531 2086 E.
1552 2059 1615 2098 pr.

37 2102 159 2145 Card.
191 2103 439 2159 Cienfuegos
468 2106 792 2150 haesitationem
823 2123 878 2151 an
906 2111 1045 2153 Caroli
1074 2114 1183 2164 regis
1212 2113 1405 2166 precibus
1432 2128 1617 2158 annuere

37 2173 225 2228 deberet,
247 2178 420 2229 exponit
443 2191 496 2218 ex
516 2182 632 2220 metu
652 2180 879 2232 profectam
910 2196 962 2223 ne
992 2196 1098 2224 novo
1131 2184 1224 2236 hoc,
1247 2185 1331 2226 iam
1362 2187 1486 2228 tertio
1506 2188 1616 2229 intra

36 2244 160 2288 breve
186 2251 368 2300 tempus,
400 2248 591 2303 exemplo
620 2252 797 2292 nimium
832 2253 1093 2295 relaxaretur
1128 2255 1465 2298 laudatissimum
1504 2260 1544 2299 S.
1578 2258 1612 2301 I.

36 2315 300 2371 Institutum,
323 2318 375 2359 ad
397 2320 515 2360 cuius
546 2323 919 2374 conservationem,
952 2324 1071 2366 iuxta
1101 2327 1269 2367 enixam
1300 2325 1340 2368 S.
1365 2326 1614 2370 Fundatoris

36 2393 220 2430 mentem
241 2390 417 2431 interest
436 2395 484 2431 ut
503 2391 679 2444 professi
700 2399 820 2434 extra
841 2407 933 2435 eam
955 2396 1128 2437 minime
1149 2398 1431 2440 retrahantur.

39 2453 81 2488 R.
101 2464 159 2497 ap.
179 2453 215 2488 S.
238 2456 285 2488 M.
307 2456 354 2489 M.
375 2456 458 2490 VIII
475 2456 554 2492 Oet.
575 2460 669 2492 1720.

40 2561 150 2595 Clem.
171 2562 267 2597 XI.
288 2565 390 2606 epist.

1505 3067 1549 3099 29
