1989 3252
80 202 221 245 Clcnl.
242 200 302 243 X.
759 220 813 224 —
843 197 921 235 393
951 220 1005 225 —-
1534 199 1665 242 1672·

156 288 226 330 27.
264 293 371 330 Cum
394 300 476 329 nos
496 287 643 328 hod-ze.
662 308 687 313 -
705 283 834 324 Clem.
856 282 893 323 X
912 283 1168 325 Everardum
1184 283 1461 328 Nidhardum.
1480 287 1650 336 petente

71 357 292 398 Marianna
313 355 436 408 Hisp.
462 356 605 407 regina
633 354 743 395 cath.
767 354 907 405 vidua,
932 355 1280 407 metropolitanae
1311 354 1413 395 eccl.
1446 354 1647 396 Edessen.

68 429 112 469 in
148 433 255 481 part.
295 426 411 467 infid.
456 425 817 478 archiepiscopum
857 424 1064 478 praeficit,
1102 430 1144 466 et
1178 430 1319 466 votum
1357 426 1447 466 eius
1482 425 1532 466 de
1567 439 1650 467 non

69 498 330 551 acceptanda
350 497 608 550 praelatione
630 495 806 537 relaxat.

66 564 109 599 R.
130 575 186 607 ap.
207 564 242 598 S.
266 564 311 598 M.
332 563 381 596 M.
402 562 486 596 XVI
506 563 596 596 Nov.
618 564 697 597 1671
719 561 761 596 P.
780 572 838 595 an.
858 561 904 596 II.

1214 670 1302 713 Rey.
1323 669 1409 702 hall.
1439 670 1494 704 VI.
1514 673 1589 704 210.
1609 671 1643 704 b.

151 783 222 825 ⁶28.
255 779 496 820 Facultates
517 791 738 819 concessae
759 791 784 818 a
803 777 872 819 SS.
898 777 947 819 D.
970 777 1023 820 N.
1047 778 1260 819 Clemente
1282 777 1362 819 ΡΡ.
1387 777 1432 819 P.
1467 778 1648 819 Antonio

69 851 120 892 de
139 852 278 892 Govea
299 850 341 892 S.
365 849 399 890 Ι.
422 849 639 903 praefecto
660 850 906 890 missionum
927 849 1007 890 ΡΡ.
1033 849 1072 890 S.
1096 849 1132 890 I.
1156 850 1198 889 in
1221 863 1345 901 regno
1376 848 1598 900 Synarum.
1623 874 1649 879 -

66 921 114 961 In
137 935 276 973 congr.
300 934 393 973 gen.
418 920 460 962 S.
484 919 535 960 R.
568 924 610 960 et
644 919 696 960 U.
736 919 827 973 Inq.
866 918 1011 959 habita
1046 920 1088 959 in
1122 919 1278 971 palatio
1314 920 1540 972 apostolico
1576 933 1645 972 ap.

63 992 104 1034 S.
130 991 186 1033 M.
213 991 269 1032 M.
295 990 362 1033 SS.
385 991 436 1032 D.
459 990 550 1032 N...
577 991 781 1032 concessit
801 989 854 1031 ad
875 990 1139 1031 decennium.
1163 1015 1188 1019 -
1208 989 1255 1030 F.
1293 989 1415 1031 Card.
1455 990 1647 1030 Barberi-

65 1076 157 1104 nus.
181 1062 250 1103 Fr.
275 1061 482 1103 Rivardus
501 1061 600 1103 Not.

63 1129 103 1162 F.
123 1140 154 1162 v.
175 1129 208 1160 si.
228 1130 270 1162 25
288 1127 394 1161 Febr.
417 1129 512 1162 1672.

1212 1235 1300 1277 Rey.
1321 1233 1410 1267 bun.
1437 1234 1494 1268 VI.
1514 1237 1591 1270 215.
1610 1235 1643 1268 b.

147 1348 218 1390 29.
252 1343 292 1386 S.
308 1343 554 1397 Rit.Congr.
569 1369 594 1374 -
613 1343 764 1384 Votum
787 1358 794 1383 τ
815 1343 865 1384 (16
883 1343 923 1385 S.
943 1343 1120 1395 Iosepho
1138 1343 1181 1383 in
1197 1348 1419 1395 patronum
1437 1343 1644 1384 missionis

67 1417 266 1469 regnique
289 1415 496 1467 Synarum
517 1428 590 1468 per
610 1414 847 1456 sacerdotes
876 1428 1103 1467 europaeos
1125 1414 1278 1454 multos
1301 1415 1342 1453 in
1364 1413 1485 1465 Synis
1507 1414 1641 1455 electo

61 1488 341 1540 indulgentias
362 1490 566 1540 tanquam
603 1487 653 1528 de
685 1492 857 1541 patrono
886 1486 1058 1528 concedi
1082 1499 1218 1539 posse.
1244 1485 1319 1526 Die
1340 1487 1392 1526 26
1416 1486 1515 1538 Apr.
1543 1498 1639 1526 cen-

61 1559 144 1600 suit
166 1558 253 1600 ind.
276 1558 388 1611 plen.
415 1558 467 1599 ad
490 1559 539 1599 15
561 1571 706 1600 annos.

58 1627 99 1659 26
117 1624 222 1658 Mart.
245 1626 340 1658 1672.

1171 1731 1256 1773 Rey.
1278 1729 1365 1763 bun.
1392 1729 1447 1762 VJ.
1466 1731 1530 1764 213
1547 1730 1580 1763 b.
1598 1730 1643 1772 (1)

139 1842 212 1885 30.
245 1839 286 1880 S.
309 1838 393 1880 Rit.
413 1837 561 1890 Congr.
587 1863 612 1868 —
634 1837 855 1879 Decretum
877 1850 958 1891 quo
979 1837 1233 1891 approbatur
1252 1837 1402 1880 electio
1419 1837 1460 1880 S.
1480 1837 1632 1880 Franc.

56 1909 225 1951 Xaverii
247 1910 289 1950 in
309 1914 532 1963 patronum
554 1910 632 1950 civ.
658 1908 960 1950 Tabernarum.

51 1979 93 2011 26
110 1976 216 2010 Mart.
237 1978 333 2010 1672.

1370 2083 1522 2117 Elench.
1543 2084 1630 2118 buu.

134 2195 201 2238 31.
235 2190 277 2233 S.
301 2191 450 2244 Congr.
476 2191 601 2232 Conc.
625 2216 650 2221 -
670 2190 894 2231 Decretum
916 2191 959 2230 in
989 2189 1228 2232 Gerunden.
1259 2192 1515 2243 patrimonii,
1538 2206 1630 2245 per-

52 2264 189 2316 pensis
211 2262 400 2304 deductis
417 2267 505 2303 tum
524 2275 596 2315 pro
613 2268 731 2315 parte
748 2263 924 2303 oratoris
942 2261 1203 2315 (Martiniani
1226 2262 1342 2303 Ballo
1363 2262 1622 2316 Gerunden.)

49 2335 120 2387 qui
149 2338 245 2374 ante
281 2333 472 2386 profess,
496 2338 589 2386 post
621 2335 671 2374 12
700 2346 830 2374 annos
861 2334 903 2373 111
938 2332 977 2374 S.
1002 2332 1037 2373 I.
1070 2346 1258 2385 egressus
1292 2346 1401 2374 311110
1440 2335 1546 2374 1664
1580 2338 1627 2376 ut

48 2405 211 2445 iuvaret
249 2409 425 2445 matrem
468 2417 709 2457 pauperem,
748 2404 956 2445 redditum
997 2417 1182 2445 annuum
1220 2406 1272 2444 40
1308 2417 1531 2445 aureorum
1573 2419 1624 2446 ex

46 2475 165 2516 bonis
198 2475 412 2528 religionis
447 2475 703 2528 postulabat,
724 2479 813 2516 tum
845 2489 919 2528 pro
954 2480 1073 2528 parte
1106 2475 1335 2527 religionis,
1359 2489 1467 2529 resp.
1506 2475 1623 2516 Nihil

47 2560 136 2588 esse
157 2546 455 2587 innovandum.

44 2615 61 2646 4
78 2613 158 2646 Iun.
177 2615 272 2647 1672.

1363 2711 1513 2745 Elench.
1533 2711 1622 2746 hall.

125 2821 197 2863 32.
234 2821 283 2858 A.
323 2818 369 2859 F.
411 2819 461 2860 R.
496 2819 553 2859 M.
592 2825 740 2874 Super
759 2821 1025 2862 cathedram
1045 2826 1273 2875 principis
1292 2823 1616 2875 apostolorum.

40 2913 65 2918 —
86 2887 218 2929 Clem.
245 2888 280 2928 X
317 2893 489 2941 petente
523 2889 671 2942 Praep.
701 2888 803 2930 Gen.
842 2888 882 2930 S.
907 2889 940 2929 Ι.
966 2890 1239 2931 missionariis
1275 2890 1314 2931 d.
1352 2890 1394 2932 S.
1417 2891 1460 2931 in
1493 2903 1620 2943 regno

98 3009 143 3050 (1)
175 3009 327 3044 Accedit
344 3009 447 3052 copia
466 3009 686 3043 memorialis
704 3009 743 3043 P.
766 3009 933 3053 Prosperi
953 3012 1146 3044 Intorcetta
1165 3010 1233 3044 hac
1250 3011 1292 3045 de
1312 3011 1498 3053 petitione.
