1989 3252
1515 43 1533 73 t

83 227 223 270 Pauli
242 225 295 269 V.
749 245 803 250 -
832 219 912 260 289
941 243 996 248 —
1526 216 1658 260 1620.

82 311 280 352 Leodien.
304 314 344 349 et
373 308 539 349 officiali
563 306 760 347 Leodien.
786 310 846 356 ut,
870 306 1027 345 vocatis
1050 305 1262 355 vocandis,
1285 303 1548 354 confirment,
1567 302 1660 343 siin

82 381 316 423 evidentem
351 379 390 420 d.
416 378 658 419 monasterii
689 376 933 425 utilitatem,
956 376 1269 416 concessionem
1305 387 1330 414 a
1365 373 1405 414 d.
1430 373 1582 413 abbate
1617 372 1657 414 d.
1719 413 1722 416 ,

84 453 260 504 collegio
294 449 530 490 faciendam
564 448 618 489 ad
639 461 808 489 censum
846 446 1172 487 determinatum
1209 446 1411 487 bonorum
1445 450 1487 485 et
1507 444 1662 484 iurium

85 522 360 578 quorumdam
395 535 453 562 se.
486 521 589 560 iuris
617 517 875 572 percipiendi
912 517 1095 558 decimas
1134 517 1334 557 bonorum
1374 515 1453 556 fori
1494 516 1659 556 comitis

85 596 128 635 in
148 594 339 635 districtu
361 593 585 633 comitatus
604 590 686 632 loci
707 589 757 630 de
787 589 963 629 Dalhein
984 587 1183 629 Leodien.
1208 587 1341 628 dioec.
1366 591 1409 627 et
1429 587 1660 627 vicinorum

85 678 303 719 pagorum,
325 663 519 703 villarum
540 667 581 703 et
600 675 818 715 pagorum,
841 665 987 712 utpote
1019 659 1225 710 Anbelen,
1252 658 1391 700 Luher
1410 658 1477 698 vel
1500 656 1660 710 Mheer,

85 736 304 778 Norbeeck
337 735 403 776 vel
439 734 670 785 Norberch,
693 733 980 785 Retengraven
1015 736 1057 772 et
1092 731 1413 783 Octtengraven,
1437 729 1659 782 Scoppem,

87 808 247 850 Broeck
281 806 347 847 vel
381 805 569 856 Brouch,
606 803 812 844 Liebeeck
847 803 913 843 vel
949 802 1176 853 Hebeeck,
1210 800 1461 852 Membach,
1490 799 1663 841 Henrici

86 878 248 931 capelle
269 878 312 918 in
334 876 373 918 d.
397 876 598 917 comitatu
632 880 673 916 et
693 874 903 915 territorio
938 871 1217 924 Lymburgen.
1241 870 1281 912 d.
1307 870 1437 911 dioec.
1462 869 1661 911 Leodien.

83 963 178 990 cum
199 949 316 989 curia
334 946 492 988 feudali
514 945 611 986 inde
633 944 895 998 dependente
918 944 960 983 in
990 942 1130 983 Banco
1152 941 1202 982 de
1225 941 1418 993 Dalhem,
1444 955 1493 982 ac
1515 941 1662 982 nonni-

84 1020 144 1061 hil
164 1019 215 1061 de
237 1019 408 1060 decimis
430 1017 481 1059 de
502 1017 611 1070 Bery
631 1017 682 1058 de
703 1016 742 1057 S.
769 1015 951 1057 Martino
974 1014 1024 1055 de
1046 1013 1222 1054 Weerst.

83 1086 127 1120 R.
147 1097 204 1128 ap.
226 1085 260 1119 S.
281 1086 330 1119 M.
350 1085 398 1119 M.
421 1095 471 1126 pr.
493 1083 541 1116 id.
564 1083 647 1115 Feb.
673 1084 757 1116 1619
777 1081 816 1114 Ρ.
837 1092 894 1114 an.
916 1081 997 1115 XV.

1336 1215 1421 1258 Rey.
1441 1215 1529 1250 buu.
1554 1215 1591 1250 V.
1614 1217 1665 1251 16.

169 1362 267 1407 235,
303 1359 422 1400 Decr.
444 1358 485 1400 S.
508 1358 656 1410 Congr.
677 1371 744 1409 ep.
759 1361 801 1397 et
818 1369 903 1408 reg.
923 1354 1013 1395 -In
1029 1368 1156 1396 causa
1172 1354 1322 1396 Franc.
1342 1355 1533 1396 Taraccii
1550 1354 1665 1408 regni

88 1430 305 1473 Sardiniae
325 1430 524 1470 scholaris
546 1427 783 1481 approbati,
806 1440 828 1468 e
852 1429 892 1467 S.
917 1425 950 1467 Ι,
976 1426 1137 1466 dimissi
1158 1439 1252 1465 cum
1277 1439 1401 1466 onere
1422 1425 1666 1466 transeundi

86 1503 139 1544 ad
159 1501 247 1543 ord.
270 1502 534 1552 servit-arum,
559 1506 600 1540 et
621 1498 913 1539 contendentis
935 1497 1192 1537 dimissorias
1218 1496 1373 1536 liberas
1395 1496 1474 1537 sibi
1495 1496 1666 1537 concedi

86 1573 252 1626 debere,
275 1572 462 1613 declarat
497 1571 538 1612 d.
560 1570 832 1611 Franciscum
855 1576 929 1609 aut
963 1568 1015 1608 ad
1051 1568 1143 1609 Soc.
1167 1567 1303 1608 redire
1338 1568 1490 1608 debere
1520 1572 1593 1607 aut
1614 1566 1667 1607 ad

85 1645 421 1687 observationem
442 1642 692 1684 conditionis
720 1643 870 1682 teneri.

89 1715 130 1747 14
148 1711 235 1745 Feb.
257 1713 352 1745 1620.

1411 1845 1562 1881 Elench.
1582 1843 1671 1880 hutz.

177 1990 279 2035 2:36.
299 1989 340 2031 S.
359 1987 505 2042 Congr.
526 2002 591 2041 ep.
612 1992 653 2028 et
668 2000 784 2039 reg.—
800 1985 1021 2027 Decretum
1039 1985 1147 2039 quod
1165 1985 1401 2037 superiores
1418 1984 1458 2025 S.
1480 1984 1512 2024 1.
1533 1983 1672 2024 dimit-

95 2065 183 2102 tere
218 2065 391 2114 possunt
420 2074 491 2102 eos
525 2061 597 2114 qui
627 2060 855 2100 emiserunt
884 2062 982 2098 vota
1012 2057 1185 2107 biennii,
1208 2056 1271 2096 vel
1308 2056 1438 2096 libere
1473 2055 1539 2096 vel
1577 2069 1671 2097 cum

95 2146 220 2174 onere
239 2131 482 2173 transeundi
507 2131 559 2172 ad
580 2131 708 2172 aliam
729 2129 984 2182 religionem.

95 2201 135 2234 14
154 2198 259 2232 Febr.
282 2201 377 2233 1620.

1410 2329 1564 2364 Elench.
1585 2329 1675 2364 bun.

181 2471 280 2517 237.
313 2479 385 2515 Eut:
405 2475 604 2515 iniuncto
625 2471 768 2513 nobis.
793 2493 818 2498 -
840 2467 957 2509 Paul.
982 2466 1035 2518 V,
1058 2467 1197 2508 citatis
1227 2466 1308 2508 litt.
1334 2465 1455 2507 Pauli
1476 2465 1535 2518 II,
1564 2473 1673 2510 Cum

96 2549 144 2591 in
165 2548 374 2591 ommibus
394 2546 591 2587 ῑιισίῑοῑίε,
617 2542 738 2592 1465,
761 2554 785 2580 v
819 2539 877 2580 id.
902 2538 1021 2590 Maii,
1045 2537 1283 2591 petentibus
1319 2537 1472 2578 abbate
1510 2550 1674 2578 monas-

97 2618 194 2660 terii
214 2617 256 2659 S.
278 2615 336 2657 M.
360 2616 403 2656 in
423 2613 582 2667 Regula
601 2612 648 2653 O.
673 2611 715 2653 S.
739 2612 842 2652 Ben.
866 2609 1043 2650 Imolen.
1064 2608 1216 2660 dioec.,
1239 2612 1402 2650 rectore
1423 2607 1534 2649 dom.
1554 2607 1672 2661 prob.

97 2687 137 2731 S.
179 2688 213 2730 Ι.
254 2687 429 2729 Imolen.
472 2691 514 2726 et
554 2683 712 2724 Didaco
752 2681 802 2723 de
842 2681 1076 2732 Quattrinis
1116 2679 1224 2720 laico
1264 2679 1459 2731 Imolen.,
1502 2678 1675 2720 mandat

97 2759 390 2802 archidiacono
411 2756 516 2798 eccl.
540 2760 581 2796 et
597 2755 751 2795 vicario
767 2766 861 2806 gen.
883 2752 1070 2805 episcopi
1092 2750 1269 2792 Imolen.
1292 2755 1340 2791 ut
1361 2749 1612 2791 confirment
1633 2750 1677 2790 in

97 2831 281 2872 favorem
303 2830 342 2870 d.
362 2828 527 2881 collegii
546 2825 844 2867 alienationem
860 2824 995 2876 pretio
1023 2823 1127 2863 1150
1149 2821 1244 2863 libr.
1267 2822 1364 2875 (200
1390 2821 1507 2874 duc.)
1530 2820 1677 2862 domus

98 2900 314 2943 cuiusdam
331 2901 375 2940 in
390 2899 430 2940 d.
451 2898 623 2939 civitate
643 2896 688 2936 in
709 2893 902 2948 cappella
917 2907 992 2934 seu
1009 2891 1210 2946 parochia
1224 2890 1267 2933 S.
1286 2891 1523 2943 Michaelis,
1542 2892 1587 2932 in
1605 2892 1675 2932 via

101 2972 269 3026 publica
287 2971 329 3012 la
348 2969 573 3012 Gabellara
606 2980 729 3008 nunc.
755 2965 990 3016 existentis,
1013 2963 1066 3005 ad
1087 2962 1125 3004 d.
1151 2962 1249 3005 abb.
1273 2961 1677 3004 commendatarium

99 3044 328 3096 spectantis
348 3046 391 3084 et
410 3055 537 3097 quam
557 3040 598 3082 d.
616 3039 799 3080 Didacus
820 3037 862 3078 in
882 3036 1136 3079 locationem
1155 3039 1404 3089 perpetuam
1423 3033 1474 3076 de
1489 3035 1542 3076 29
1563 3034 1607 3075 in
1626 3035 1679 3076 29
