1989 3252
134 193 272 238 Pauli
290 192 344 235 V.
798 216 850 222 --
879 191 958 231 265
988 217 1042 222 —
1576 194 1701 238 1614.

134 278 460 334 praetendebant
488 294 495 320 :
538 293 598 321 vz.
640 279 750 320 bona
788 293 895 333 quae
929 284 1149 333 antequam
1190 281 1233 322 in
1277 280 1439 333 collegii
1477 281 1705 322 transirent

137 350 379 400 dominium,
401 349 599 391 solutioni
619 350 870 391 decimarum
894 350 1076 392 obnoxia
1095 352 1223 393 fuisse
1250 357 1292 393 et
1321 365 1496 406 quorum
1517 351 1703 393 redditus

132 422 313 463 valorem
333 435 519 462 annuum
539 423 566 463 2
585 436 642 463 m.
666 421 760 463 duc.
780 435 862 463 non
883 422 1082 464 excedere
1102 423 1308 465 constabit
1323 423 1479 478 absque
1496 423 1704 465 solutione

135 493 393 535 decimarum
411 492 719 545 retinebuntur,
742 498 821 535 etc.

133 558 176 593 R.
195 569 252 602 ap.
273 558 308 593 S.
330 559 379 593 M.
400 559 447 591 M.
466 558 516 594 IV
532 558 607 594 kal.
625 560 718 603 Aug.
741 561 823 594 1613
839 559 882 595 Ρ.
900 570 959 594 an.
978 560 1042 595 IX.

1267 669 1356 712 Rey.
1376 668 1466 704 bull.
1486 669 1551 704 IV.
1572 673 1646 706 203.
1666 671 1701 704 b.

214 791 320 833 140.
353 795 622 844 Accepimus
642 791 822 832 librum.
848 814 874 819 —
903 788 1021 829 Paul.
1046 788 1083 828 V
1111 788 1143 828 F
1146 788 1332 829 rancisco
1361 787 1527 841 Suarez,
1560 789 1697 842 presb.

133 860 179 900 S.
202 859 235 900 I.
260 859 348 900 viro
369 863 512 900 tantae
537 861 704 913 pietatis
734 863 777 900 et
805 859 1066 910 eruditionis,
1098 860 1216 900 cuius
1245 859 1341 900 libri
1369 873 1444 913 pro
1479 860 1520 901 S.
1552 860 1696 914 Apost.

130 929 249 972 Sedis
269 930 507 972 defensione
528 930 762 972 elucubrati
783 931 961 972 lectione
980 930 1211 972 oblectatus
1233 935 1311 983 est,
1334 931 1557 974 benedicit.

131 997 173 1031 R.
193 1007 250 1039 ap.
272 996 307 1031 S.
327 997 376 1031 M.
391 997 440 1031 M.
459 997 508 1032 IV
525 996 574 1031 id.
596 997 693 1040 Sept.
715 999 809 1032 1613.

134 1107 217 1140 Ant.
238 1105 444 1149 Descamps,
472 1106 566 1140 Vicla
583 1106 643 1140 del
658 1117 736 1140 ven.
759 1106 801 1141 P.
822 1107 886 1141 Fr.
907 1107 1059 1147 Suarez,
1080 1119 1112 1150 p.
1133 1109 1207 1142 252.

210 1228 304 1271 141.
336 1223 387 1265 A.
411 1224 457 1266 P.
482 1225 530 1266 R.
556 1225 612 1267 M.
639 1233 710 1269 Eae
728 1229 929 1270 iniuncto
950 1229 1078 1270 nohis
1099 1231 1307 1284 desuper.
1334 1252 1360 1257 -
1380 1226 1498 1269 Paul.
1534 1226 1568 1267 V
1598 1241 1696 1269 con-

126 1296 265 1337 firmat
285 1296 563 1349 concordiam,
586 1297 823 1338 interventu
845 1297 958 1339 Petri
982 1296 1143 1339 Cotonii
1164 1298 1300 1351 presb.
1335 1296 1376 1339 S.
1399 1297 1434 1339 I.
1457 1299 1698 1340 confessarii

127 1372 169 1409 et
198 1368 429 1410 concionat.
463 1367 662 1409 Ludovici
691 1370 797 1422 regis
827 1373 868 1410 et
898 1369 1029 1410 Marci
1059 1371 1157 1411 Ant.
1191 1369 1390 1411 Gaiffierii
1424 1369 1471 1411 O.
1497 1369 1536 1412 S.
1570 1370 1692 1423 Ben.,

125 1439 273 1480 initam
295 1440 403 1480 inter
424 1439 609 1480 Priorem
631 1444 673 1481 et
693 1445 941 1482 conventum
963 1442 1172 1494 prioratus
1192 1441 1231 1482 S.
1256 1441 1427 1482 Martini
1448 1441 1498 1483 de
1518 1441 1697 1495 Riorgiis

123 1509 169 1551 Ο.
197 1511 240 1552 S.
263 1509 366 1552 Ben.
390 1510 634 1563 Lugdunen.
659 1511 793 1553 dioec.
816 1526 841 1552 a
860 1516 979 1565 parte
1000 1514 1114 1565 regni
1135 1512 1336 1554 Franciae
1367 1519 1407 1554 et
1437 1514 1479 1554 in
1514 1513 1696 1555 dominio

123 1583 231 1635 regis
251 1582 392 1623 christ.
420 1583 684 1624 consistentis
705 1597 753 1624 ac
784 1587 985 1625 rectorem
1016 1584 1111 1626 coll.
1136 1583 1175 1625 S.
1201 1584 1234 1625 I.
1259 1598 1310 1625 ex
1340 1586 1505 1626 decreto
1535 1585 1588 1626 cl.
1612 1599 1692 1628 me.

124 1653 293 1694 Henrici
314 1653 461 1695 Franc.
486 1656 593 1706 regis
616 1654 759 1696 christ.
784 1656 825 1695 in
847 1669 943 1708 opp.
967 1655 1164 1697 Roannae
1186 1656 1226 1698 d.
1251 1657 1380 1697 dioec.
1405 1658 1549 1709 erecti,
1572 1671 1697 1710 super

123 1724 163 1766 d.
188 1726 390 1778 prioratu,
414 1725 466 1766 ab
488 1726 584 1767 Ant.
610 1726 786 1767 Paramo
807 1726 904 1768 cler.
929 1726 1179 1769 Nemensen.
1200 1729 1420 1781 resignato,
1443 1742 1469 1770 a
1490 1734 1694 1771 monaste-

119 1797 180 1837 rio
212 1796 257 1837 B.
292 1796 349 1838 M.
386 1797 659 1838 Athanatensi
689 1798 810 1850 vulgo
845 1800 1026 1852 Daisnoy
1056 1813 1179 1840 nunc.
1203 1800 1301 1841 Ord.
1325 1805 1365 1841 et
1395 1800 1525 1842 dioec.
1550 1800 1693 1854 praed.

120 1867 378 1921 dependente
399 1874 441 1909 et
461 1869 510 1910 de
532 1883 734 1911 consensu
756 1870 967 1911 Guillelmi
998 1870 1187 1925 Fouquet
1217 1872 1358 1913 clerici
1388 1872 1426 1914 d.
1452 1874 1696 1914 monasterii

120 1939 465 1981 commendatarii
486 1940 524 1981 d.
549 1941 720 1993 collegio
742 1942 880 1993 unito;
907 1956 966 1983 sc.
985 1944 1283 1984 monasterium
1305 1946 1512 1985 consentit
1532 1945 1692 1997 unioni,

121 2010 254 2052 Priori
275 2012 421 2064 pensio
443 2025 583 2053 annua
603 2017 644 2053 et
664 2018 865 2067 perpetua
885 2015 964 2055 200
984 2014 1079 2055 libr.
1105 2014 1313 2057 Turonen.
1333 2017 1403 2067 (60
1433 2015 1548 2067 duc.)
1569 2029 1695 2068 super

120 2082 322 2123 fructibus
343 2082 384 2124 d.
409 2084 615 2136 prioratus
636 2092 870 2126 reservatur
890 2110 915 2115 -
935 2085 1057 2127 Caus.
1076 2100 1163 2127 cur.
1187 2100 1293 2127 cam.
1313 2100 1379 2139 ap.
1398 2100 1491 2140 gen.
1511 2087 1693 2129 auditori

118 2157 161 2194 et
175 2153 419 2206 Lugdunen.
444 2168 492 2196 ac
515 2153 719 2197 Viennen.
744 2156 989 2198 officialibus
1010 2171 1124 2199 exeo.
1151 2159 1388 2199 committit.

124 2220 166 2254 R.
186 2230 243 2262 ap.
265 2220 299 2254 S.
322 2220 362 2254 P.
382 2220 429 2254 id.
451 2221 539 2255 Nov.
561 2224 644 2257 1613
662 2222 702 2256 Ρ.
722 2234 779 2256 an.
802 2224 869 2259 IX.

1250 2333 1338 2376 Rey.
1360 2333 1446 2367 bun.
1466 2333 1531 2368 IV.
1552 2337 1628 2370 215.
1648 2334 1682 2370 b.

206 2453 303 2496 142.
338 2453 532 2493 Multum
567 2454 720 2507 ‘qaum'
751 2467 922 2495 sumus.
962 2477 987 2482 -
1026 2451 1145 2493 Paul.
1183 2451 1219 2492 V
1258 2452 1410 2493 illustri
1444 2452 1692 2506 Aethiopiae

121 2522 208 2574 regi
240 2521 597 2574 Sultan-Saghedo
617 2522 771 2575 gratias
792 2523 878 2575 agit
898 2523 948 2563 de
976 2523 1127 2564 litteris
1147 2537 1222 2576 per
1242 2524 1338 2564 Ant.
1362 2524 1691 2566 Fernandezium

121 2590 164 2633 S.
186 2591 220 2633 Ι.
245 2592 410 2644 delatis,
431 2593 666 2645 gratulatur
685 2593 736 2634 ob
766 2595 896 2635 victos
915 2594 1105 2648 gentiles,
1126 2598 1276 2651 yallas
1297 2595 1443 2648 dictos,
1466 2597 1691 2649 promittit-

119 2677 197 2716 que
229 2663 628 2705 commendationem
664 2665 775 2718 apud
805 2665 1062 2718 Philippum,
1094 2668 1429 2719 potentissimum
1459 2667 1688 2721 Hispaniae

115 2748 267 2787 regem.

121 2800 161 2834 R.
181 2812 238 2843 ap.
260 2801 295 2835 S.
317 2801 356 2835 P.
381 2805 393 2835 l
414 2802 499 2836 Feb.
521 2805 603 2837 1614
622 2802 661 2836 Ρ.
682 2813 727 2836 an
759 2803 823 2837 IX.

118 2910 218 2943 Bull.
233 2918 384 2951 patron.
406 2910 558 2953 Portuff.
579 2916 601 2944 t.
622 2911 699 2954 IIp
731 2914 783 2945 23.

194 3021 293 3065 143.
325 3016 376 3059 A.
401 3018 446 3060 P.
471 3018 520 3060 R.
545 3017 602 3061 M.
631 3026 762 3064 Grati
786 3023 986 3065 Domino.
1010 3046 1035 3051 -
1055 3020 1174 3062 Paul.
1197 3021 1246 3074 V,
1265 3026 1435 3075 petente
1455 3022 1684 3064 Ferdinan-
