1989 3252
58 222 220 267 Innoc.
241 221 302 266 X.
718 240 773 244 —
804 219 884 261 357
914 243 968 249 -
1171 238 1201 268 ι,
1505 212 1637 261 1649.

141 309 215 352 20.
248 306 488 347 Facultates
496 337 577 348 .....
601 304 646 346 P.
672 304 926 356 Hieronymo
947 303 1169 346 Lalemant
1189 304 1231 346 S.
1250 304 1286 345 I.
1310 304 1516 357 superiori
1537 303 1635 343 mis-

59 378 188 419 sionis
206 391 279 418 seu
300 377 552 419 residentiae
569 376 648 417 PP.
669 375 709 418 S.
728 375 764 416 I.
783 376 826 416 in
846 375 1015 416 Canada
1030 374 1247 416 Indiarum
1265 388 1396 416 novae
1411 373 1588 415 Galliae.
1612 399 1638 404 -

60 449 109 489 In
132 462 307 501 congr...
332 448 397 489 Ad
420 450 469 489 15
492 461 637 489 annos.

64 516 103 549 F.
125 516 168 550 V.
187 515 222 551 d.
239 515 310 550 XX
328 515 434 548 Febr.
456 517 552 549 1648.

1227 621 1315 663 Rey.
1336 619 1423 654 bun.
1452 620 1512 655 vl.
1532 623 1586 655 99.
1607 621 1640 654 b.

144 746 214 789 21.
239 743 462 784 Decretum
483 741 578 784 SSmi
601 754 681 795 quo
703 740 960 793 approbatur
989 739 1187 780 resolutio
1223 753 1414 792 congreg.
1454 740 1637 792 particu-

61 815 163 856 laris
184 814 237 855 ab
253 828 301 855 co
323 813 567 867 deputatae,
591 812 664 852 ubi
684 811 921 852 declaratur
942 810 1209 851 Ambrosium
1241 810 1423 851 Massam
1454 810 1642 851 Siculum

64 900 147 927 non
181 899 271 926 esse
305 883 644 937 reintegrandum
680 884 721 923 in
756 882 797 924 S.
835 881 870 923 Ι.
908 896 1033 936 quam
1069 881 1275 933 reingredi
1311 881 1511 933 instabat,
1549 895 1643 923 cum

65 957 332 1009 impositione
354 956 545 1008 perpetui
567 954 739 995 silentii.

64 1025 105 1057 27
123 1025 207 1064 Apr.
230 1025 324 1056 1648.

1385 1126 1535 1160 Elench.
1556 1128 1644 1163 bull.

150 1251 221 1295 22.
247 1249 295 1289 A.
321 1247 369 1289 F.
392 1247 443 1289 R.
467 1247 525 1288 M.
553 1254 659 1291 Cum
681 1249 797 1291 sicut
817 1244 1091 1302 accepimus.
1116 1270 1141 1276 -
1162 1245 1306 1287 Innoc.
1330 1244 1384 1298 X,
1407 1246 1646 1299 supplican-

68 1321 180 1361 tibus
218 1319 499 1374 procuratoris
533 1317 703 1359 Ioannis
738 1317 921 1370 episcopi
958 1316 1308 1370 Angelopolitani,
1333 1318 1645 1370 responsionem

69 1391 406 1444 Congregationis
423 1390 658 1443 aliquorum
676 1388 962 1430 Cardinalium
980 1387 1318 1429 otRom.CU1‘iae
1336 1388 1644 1442 praelatorum,

70 1463 112 1502 in
133 1475 263 1503 causa
282 1462 391 1502 inter
410 1462 547 1514 ipsum
568 1466 612 1501 et
640 1459 681 1501 S.
709 1459 763 1511 I.,
786 1464 874 1499 tum
912 1473 1036 1512 super
1071 1460 1378 1510 controversiis,
1402 1464 1490 1500 tum
1525 1475 1649 1513 super

70 1532 208 1573 dubiis
229 1546 281 1573 ex
303 1537 480 1586 utraque
502 1536 623 1585 parte
647 1531 872 1584 propositis
894 1530 1037 1571 datam
1062 1532 1109 1570 16
1133 1544 1220 1583 apr.
1250 1532 1369 1582 1648,
1393 1530 1626 1573 coufirmat.

69 1599 113 1633 R..
132 1609 190 1641 ap.
212 1599 246 1633 S.
267 1599 315 1631 M.
338 1598 701 1632 M.X1VMaii164s
721 1597 761 1631 P.
780 1608 837 1630 au.
859 1597 920 1631 IV.

70 1718 170 1752 Ball.
189 1718 294 1752 Rom.
320 1737 354 1739 ψ
375 1717 476 1751 Buta,
495 1717 540 1750 de
555 1727 710 1760 propafs.
729 1716 802 1759 fide
820 1716 848 1749 I.
869 1718 943 1750 253.
1390 1717 1538 1750 Elench.
1560 1718 1646 1751 bull.

153 1840 224 1883 23.
262 1841 307 1878 Α.
331 1836 377 1878 P.
402 1835 452 1877 R.
476 1834 534 1877 M.
561 1842 611 1879 1η
632 1838 990 1891 supereminente·
1009 1840 1152 1890 apost.
1173 1839 1315 1879 Sedis.
1354 1861 1379 1865 —
1414 1835 1558 1879 Innoc.
1592 1833 1645 1890 X,

70 1912 240 1961 petente
275 1906 503 1947 Melchiore
538 1905 691 1946 Ottone
724 1909 802 1958 epo
838 1904 1131 1956 Bambergen„
1164 1904 1423 1946 academiam
1454 1907 1507 1947 ab
1536 1921 1585 1948 eo
1606 1909 1649 1948 in

69 1978 110 2021 d.
132 1980 211 2020 civ.
236 1978 312 2019 sub
331 1978 559 2018 directione
580 1977 730 2030 Praep.
753 1976 857 2017 Gen.
891 1980 933 2016 et
963 1976 1101 2016 cleric.
1143 1976 1184 2017 S.
1220 1976 1256 2018 I.
1294 1976 1513 2019 fundatam
1549 1993 1644 2020 con-

72 2049 212 2090 firmat
232 2054 274 2090 et
294 2048 512 2102 privilegia
533 2049 649 2088 varia
669 2047 873 2088 concedit.

72 2115 114 2150 R.
133 2127 190 2158 ap.
213 2115 247 2149 S.
268 2116 315 2150 M.
339 2115 387 2148 M.
408 2114 527 2149 XVIII
543 2115 611 2149 Iul.
635 2117 716 2149 1648
734 2115 773 2148 P.
795 2124 840 2147 an
872 2114 935 2148 IV.

73 2235 172 2269 Ball.
191 2235 297 2268 Rom.
1279 2235 1353 2277 Ray
1385 2236 1472 2269 hall.
1500 2237 1554 2270 VI.
1580 2240 1649 2272 101.

156 2367 227 2411 24.
266 2367 333 2408 Aa?
353 2370 559 2419 supreme?
586 2367 881 2419 apostolatus.
904 2387 930 2393 ——
951 2362 1094 2404 Innoc.
1133 2362 1186 2414 X,
1224 2365 1462 2417 petentibus
1498 2366 1647 2420 Praep.

74 2436 177 2478 Gen.
209 2435 250 2478 S.
292 2434 326 2477 Ι.
365 2439 408 2475 et
441 2433 722 2486 provisoribus
757 2434 910 2474 montis
944 2435 1113 2486 pietatis
1151 2433 1395 2488 Novarien.‚
1432 2437 1653 2479 confirmat

73 2506 355 2557 concordiam,
397 2517 521 2557 super
560 2505 638 2544 625
678 2518 736 2544 sc.
779 2517 831 2544 ex
872 2505 1145 2545 conventione
1194 2518 1268 2557 per
1315 2506 1426 2558 ipsos
1476 2507 1650 2560 collegio

76 2577 300 2619 Novarien.
356 2575 507 2617 debitis
554 2580 594 2616 et
642 2574 858 2615 nonnullis
893 2574 1045 2615 abhinc
1094 2576 1215 2616 annis
1260 2578 1472 2618 testatoris
1506 2579 1651 2619 Anrici

76 2648 266 2689 coenobii
300 2648 401 2688 civis
440 2646 477 2687 N
482 2647 666 2687 ovarien.
692 2652 832 2687 mente
854 2647 912 2686 sic
943 2645 1162 2687 deficiente
1185 2650 1403 2701 recusatis,
1428 2650 1577 2691 initam
1598 2650 1648 2692 de

76 2732 276 2759 consensu
312 2721 482 2757 senatus
514 2715 792 2757 Mediolanen.
830 2730 914 2769 qua
949 2716 988 2758 d.
1026 2716 1197 2769 collegio
1233 2719 1459 2760 nonnullae
1490 2734 1650 2773 posses*

76 2789 214 2830 siones
231 2789 274 2828 in
290 2787 510 2828 territoriis
526 2786 704 2838 Nicomi,
726 2785 930 2838 Mortarii,
950 2785 1104 2839 Ceret-i,
1124 2785 1421 2841 Casti-Inoneti,
1440 2790 1650 2831 Prodomii

77 2860 385 2912 consignantur.

76 2925 119 2960 R.
139 2936 195 2968 ap.
218 2924 254 2959 S.
274 2924 324 2958 M.
343 2924 393 2958 M.
412 2924 460 2958 IV
478 2923 526 2956 id.
545 2923 619 2957 Ian.
643 2926 726 2958 1648
744 2923 784 2956 P.
805 2934 862 2957 an.
886 2923 929 2957 V.

1282 3046 1369 3089 Καρ.
1388 3048 1475 3082 buu.
1504 3049 1560 3082 VI.
1586 3052 1656 3084 105.
