1989 3252
132 217 269 272 ereg.
294 217 430 260 xm.
801 240 856 246 -
885 217 963 256 523
994 241 1047 245 ἡ
1575 215 1705 258 1582.

213 301 339 348 209?
361 309 662 358 Perspicuum
682 305 807 345 vohis
826 318 919 346 esse
940 306 1244 345 (mr-bztosurnmn
1264 325 1289 331 -
1320 299 1442 353 Greg.
1478 299 1581 340 XIII
1613 299 1708 340 duci

134 377 176 414 et
194 372 539 425 gubernatoribus
575 372 830 425 reipublicae
866 372 1097 414 Genuensis
1132 371 1395 413 commendat
1424 371 1505 412 ΡΡ.
1530 370 1570 412 S.
1594 369 1629 412 I.
1662 374 1708 411 ut

133 443 271 485 locum
292 443 505 484 sodalitati
525 456 624 484 suae
645 448 790 496 aptum
811 443 863 484 ab
884 444 985 496 ipsis
1004 443 1183 484 electum
1203 442 1392 484 obtinere
1413 441 1594 483 valeant.

134 509 271 543 Romae
292 509 355 544 VII
373 509 451 543 Oct.
474 511 555 544 1581
575 508 615 544 P.
635 520 693 543 an.
713 509 759 543 X.

1139 618 1261 653 Fund.
1284 617 1432 651 Mede‘ol.
1452 621 1477 651 t.
1497 618 1516 650 3
1537 617 1706 651 Genuen.

213 726 331 772 *212ss
369 729 575 770 Vz‘clz‘nms
595 741 663 769 cu.
687 750 712 755 —
732 725 854 777 Greg.
878 723 981 765 XIII
1017 724 1113 765 duci
1148 729 1190 765 et
1218 724 1567 777 gubernatoribus
1597 723 1700 776 reip.

131 797 364 839 Genuensis
384 796 650 838 commendat
670 810 722 837 ne
744 809 848 849 opus
867 800 955 836 tam
976 796 1108 847 pium,
1131 800 1218 836 tam
1238 796 1522 836 necessarium
1557 793 1704 846 templi

133 872 175 910 et
194 868 466 909 habitationis
487 867 527 909 S.
553 867 586 908 Ι.
612 867 769 920 Papiae
789 866 1040 908 aedificandi
1062 865 1330 919 impediatur,
1356 879 1476 918 posse
1500 866 1705 906 rationem

133 939 323 981 adhiberi
343 952 394 980 ne
414 938 644 979 luminibus
674 938 919 979 monialium
950 942 1127 978 monast.
1163 937 1202 978 S.
1237 936 1473 978 Sebastiani
1504 935 1708 977 officiatur

131 1024 234 1052 neve
255 1009 491 1051 sacerdotes
511 1009 550 1050 d.
575 1008 616 1050 S.
640 1009 683 1049 in
704 1009 791 1049 suis
812 1022 837 1049 a
857 1007 1110 1049 monialibus
1141 1008 1468 1061 conspiciantur.

130 1076 174 1111 R.
193 1086 250 1119 ap.
272 1076 308 1110 S.
328 1075 368 1109 P.
390 1075 438 1110 VI
454 1076 530 1110 Ian.
553 1077 635 1109 1582
654 1074 695 1108 Ρ.
715 1085 772 1108 an.
793 1074 839 1108 X.

137 1186 305 1224 Theiner,
326 1198 416 1220 ann.
437 1187 519 1219 eccl.
541 1186 592 1219 ad
610 1184 645 1219 h.
665 1196 686 1217 ιι
706 1196 741 1219 n.
761 1187 814 1219 66.

213 1294 337 1339 2⁵20.2
372 1299 545 1340 Quanto
565 1309 666 1336 cum
687 1300 970 1335 mzlmarzmz.
996 1316 1020 1321 —
1050 1290 1172 1344 Greg.
1196 1290 1301 1332 XIII
1336 1290 1559 1332 Godefrido
1590 1289 1707 1330 scho-

131 1365 278 1407 lastico
299 1364 340 1407 S.
365 1365 565 1406 Gereonis
588 1362 822 1416 (Coloniae)
842 1362 1106 1417 commendat
1136 1368 1182 1403 ut
1211 1362 1323 1415 apud
1344 1368 1536 1403 senatum
1571 1374 1708 1402 sacer-

131 1436 248 1478 dotes
268 1436 510 1478 Sodalitatis
532 1435 644 1486 Iesu,
668 1435 973 1487 archiepiscopi
995 1448 1123 1487 opera
1144 1434 1298 1485 locum,
1321 1435 1363 1474 in
1398 1447 1480 1487 quo
1504 1432 1708 1473 moniales

132 1508 172 1550 S.
198 1508 303 1561 Aug.
328 1506 591 1557 habitabant,
614 1514 758 1547 nactos
779 1510 961 1547 tueatur.

133 1573 174 1608 R.
194 1584 251 1616 ap.
272 1573 308 1608 S.
330 1573 370 1608 Ρ.
389 1573 436 1608 ΙΙΙ
456 1573 563 1606 Mart.
585 1574 670 1607 1582
689 1572 728 1605 P.
748 1582 806 1605 an.
827 1573 872 1606 X.

135 1683 368 1727 Reiffevzbewfiq
387 1693 443 1726 op.
465 1686 536 1720 cit„
558 1683 677 1716 Mam.
691 1693 732 1725 p.
752 1684 805 1716 68.

209 1791 331 1836 2⁷29.²
354 1798 527 1847 illa-qim
547 1805 659 1833 sane
678 1806 779 1834 cum
802 1792 992 1832 laetitia.
1012 1814 1037 1819 —
1053 1788 1177 1842 Greg.
1197 1788 1300 1829 XIII
1319 1788 1466 1829 ducem
1483 1793 1526 1829 et
1558 1787 1708 1841 guber-

128 1866 296 1903 natores
316 1863 375 1903 rei
412 1861 606 1914 publicae
641 1861 874 1902 Genuensis
909 1861 1103 1901 hortatur
1138 1866 1199 1911 nt,
1223 1860 1390 1901 sublata
1423 1859 1707 1900 controversia

127 1933 238 1974 inter
272 1933 497 1985 collegium
534 1932 574 1974 S.
607 1932 641 1974 Ι.
667 1938 708 1973 et
742 1932 1040 1973 monasterium
1076 1932 1320 1972 monialium
1356 1931 1405 1971 de
1427 1930 1556 1971 Pavia
1576 1943 1701 1970 nunc.

128 2004 384 2057 propositam
418 2003 736 2045 translationem
773 2004 814 2043 in
850 2003 1112 2044 commodum
1153 2003 1281 2043 etiam
1321 2002 1616 2043 canonicorum
1652 2000 1703 2041 de

127 2073 271 2116 Vineis
292 2074 344 2115 ad
364 2074 491 2116 finem
513 2074 758 2127 perducant.

125 2141 259 2175 Romae
276 2142 292 2176 I
311 2141 396 2174 Maii
415 2143 500 2177 1582
517 2142 557 2176 P.
576 2152 636 2176 an.
655 2141 700 2175 X.

1138 2234 1260 2267 Fumi.
1282 2234 1429 2267 Met-nol.
1452 2240 1475 2266 t.
1496 2237 1514 2267 3
1537 2232 1702 2266 Gemma.

208 2342 329 2387 ‘234ss
363 2349 467 2386 Cum
491 2346 610 2386 alias
627 2346 792 2386 (lc'lecce'.
826 2367 851 2372 -
895 2342 1015 2394 Greg.
1068 2341 1171 2382 XIII
1220 2339 1444 2382 Godefrido
1489 2339 1701 2392 Groppero

125 2426 268 2466 praep.
295 2417 336 2454 et
355 2413 515 2455 archid.
539 2419 581 2454 et
601 2413 791 2455 Conrado
813 2412 1111 2466 Wippermano
1142 2412 1299 2453 decano
1321 2412 1422 2452 eccl.
1449 2411 1491 2452 S.
1515 2410 1701 2453 Severini

125 2482 384 2525 Coloniensis
406 2484 672 2526 commendat
691 2485 807 2537 pium
837 2497 941 2537 opus
966 2488 1012 2524 ut
1034 2485 1075 2524 in
1096 2483 1363 2524 concessione
1393 2482 1636 2523 monasterii
1657 2480 1697 2522 S.

127 2555 295 2596 Achatii
313 2555 486 2596 monial.
500 2554 599 2596 Ord.
614 2555 653 2597 S.
670 2555 776 2608 Aug.
796 2555 991 2596 Patribus
1009 2555 1049 2596 S.
1064 2554 1097 2596 I.
1113 2568 1187 2608 per
1202 2555 1365 2595 litteras
1383 2553 1484 2601 (Cfr.
1496 2546 1566 2593 Gr.
1580 2551 1699 2603 XIII,

126 2640 168 2666 n.
200 2627 299 2679 234)
322 2625 448 2677 facta,
472 2631 559 2675 tam
580 2627 692 2680 apud
714 2632 797 2667 tres
827 2627 984 2668 iudices
1006 2626 1156 2680 quibus
1177 2626 1369 2667 executio
1391 2625 1613 2666 commissa
1642 2630 1703 2664 est

126 2708 250 2749 quam
270 2695 383 2748 apud
403 2702 611 2749 senatum,
634 2711 752 2738 suam
774 2711 943 2751 operam
965 2702 1194 2751 praestent.

128 2761 158 2795 R
189 2772 245 2804 ap.
268 2761 303 2795 S.
322 2762 371 2796 M.
391 2762 462 2796 XX
478 2763 546 2798 Iul.
568 2765 652 2798 1582
672 2763 711 2796 P.
733 2775 789 2796 an.
812 2764 874 2798 XI.

124 2870 357 2914 Reiffenbery
373 2870 494 2906 Mam.
510 2882 548 2912 1).
567 2873 610 2905 73
626 2870 681 2913 (1).

142 2978 186 3019 (l)
210 2977 273 3011 ubi
286 2988 344 3020 pp.
366 2979 421 3018 75,
439 2981 481 3012 76
499 2978 570 3011 alia
590 2978 660 3012 duo
678 2978 808 3012 Brevia
825 2978 911 3012 anni
932 2980 1014 3013 1582
1042 2978 1086 3012 ad
1116 2978 1387 3012 commissarios
1416 2982 1452 3012 et
1475 2978 1517 3011 ad
1539 2979 1705 3011 senatum

187 3031 231 3067 de
248 3032 373 3067 eadem
392 3043 442 3075 re,
461 3032 539 3066 sine
556 3033 626 3067 die.
