1989 3252
455 402 1032 478 CLEMENTIS
1079 406 1300 478 XIII.

79 634 245 668 Clemens
263 634 361 673 XIII.
385 635 558 676 Venetus,
577 637 730 671 Carolus
751 636 962 679 Rezzonico‚
981 639 1101 680 presb.
1122 639 1219 672 card.
1241 639 1296 672 tit.
1317 638 1353 673 S.
1372 639 1503 681 Marci,
1522 644 1667 674 creatus

167 689 227 730 VI,
245 695 439 724 coronatus
455 690 541 725 XVI
558 691 622 724 Iul.
645 693 741 732 1758,
761 691 851 726 obiit
865 691 916 727 m
932 691 1022 727 Feb.
1043 695 1139 727 1769.

78 743 120 779 In
143 743 297 786 collegio
327 743 363 778 S.
381 745 408 779 Ι,
430 744 651 779 Bononiensi
678 745 875 780 rhetorices
905 751 940 781 et
968 746 1222 791 philosophiae
1251 748 1457 792 disciplinis
1487 750 1665 793 eruditus,

165 798 357 841 religionis
386 803 542 839 nostrae,
571 799 606 833 in
641 800 829 834 Lusitania
863 801 1019 844 primum
1052 812 1073 835 a
1107 801 1322 837 Sebastiano
1355 803 1532 838 Carvalho
1568 803 1667 847 regio

167 853 343 893 ministro,
363 853 445 887 dein
474 854 509 886 in
530 853 682 895 Galliae,
704 854 915 898 Hispaniae,
935 856 1177 898 Neapolitano
1199 860 1234 892 et
1254 856 1443 892 Parmensi
1461 857 1660 893 ditionibus

164 908 298 942 iniuste
330 907 517 950 impetitae
549 912 584 942 et
620 913 783 951 vexatae,
802 910 1045 953 patrocinium
1078 910 1226 946 fortiter
1255 911 1425 956 suscepit,
1458 912 1666 948 testimonia

165 961 275 995 studii
306 961 363 995 sui
390 961 598 1004 relinquens
628 962 743 996 multa
774 963 896 997 brevia
926 964 1056 1005 quibus
1083 965 1178 1008 apud
1208 964 1392 1008 principes
1420 969 1456 1000 et
1480 968 1668 1010 episcopos

163 1017 406 1051 innocentiam
438 1017 627 1059 zelumque
657 1017 802 1052 Ordinis
828 1020 1104 1054 commendabat
1123 1033 1130 1061 ς
1149 1031 1244 1054 anno
1276 1022 1373 1063 1765,
1393 1026 1490 1056 motu
1520 1024 1665 1066 proprio

163 1071 299 1106 bullam
329 1073 580 1114 Apostolicum
609 1071 733 1114 edidit,
763 1073 924 1109 Instituti
956 1075 991 1109 S.
1018 1075 1044 1110 I.
1077 1076 1415 1119 confirmationem3
1445 1080 1479 1111 et
1507 1077 1664 1119 libellos,

162 1126 335 1160 adversus
351 1125 444 1159 hanc
459 1126 680 1169 pontificiam
692 1127 988 1162 constitutionem
1004 1139 1147 1172 sparsos
1162 1130 1315 1164 decretis
1331 1130 1366 1164 S.
1381 1130 1499 1165 Officii
1512 1134 1551 1167 11
1565 1131 1664 1176 Sept.

163 1182 259 1220 1765,
279 1183 299 1216 2
318 1182 422 1214 Mart.
443 1184 478 1216 et
492 1183 532 1216 10
547 1181 615 1216 Iul.
638 1184 721 1216 1766
737 1181 934 1217 damnavit.

74 1234 270 1278 Copiarum
294 1235 508 1278 gallicarum
542 1235 579 1269 in
604 1235 857 1270 Avenionense
890 1241 925 1272 et
954 1238 1305 1281 Carpentoractense
1329 1240 1475 1283 oppida,
1502 1241 1664 1284 neapoli—

163 1295 330 1325 tanarum
364 1290 399 1324 in
426 1291 670 1325 Beneventum
702 1292 874 1326 iniustam
898 1292 1137 1336 irruptionem
1156 1305 1285 1337 passus
1310 1299 1365 1328 est
1388 1296 1469 1339 pius
1497 1295 1665 1331 Pontifex

164 1345 395 1389 potiusquam
423 1345 615 1380 Societatis
639 1356 787 1381 causam
813 1347 1019 1390 desererem
1045 1348 1212 1382 exulibus
1236 1349 1398 1392 hispanis
1436 1353 1472 1384 et
1506 1351 1664 1394 neapoli-

165 1400 260 1434 tanis
271 1400 380 1435 sociis
396 1401 538 1443 asylum
556 1401 743 1444 praebuit3
762 1401 930 1436 lusitanis
949 1408 1170 1437 menstruam
1185 1404 1249 1439 800
1266 1408 1449 1439 scutorum
1467 1416 1571 1449 opem
1588 1417 1667 1451 sup-

164 1454 338 1499 peditavit
350 1455 416 1493 (De
434 1456 600 1497 Novaes).

161 1735 198 1777 1.
231 1733 281 1774 A.
305 1731 352 1774 F,
390 1732 438 1774 R.
464 1731 521 1774 M.
549 1739 759 1778 Universa·
795 1738 913 1778 (lom.
948 1738 1123 1791 yreyz's.
1161 1760 1186 1765 —
1215 1735 1348 1778 Clem.
1381 1736 1485 1777 XIII
1520 1738 1659 1791 operis

80 1809 281 1848 Histoire
300 1806 362 1847 ctu
378 1808 540 1860 peuple
559 1809 613 1848 de
639 1808 746 1849 Diezc
768 1804 917 1857 gallice
938 1813 980 1846 et
1001 1806 1141 1847 italice
1172 1806 1291 1859 editi,
1314 1821 1491 1861 quorum
1511 1810 1537 1849 2
1556 1809 1659 1849 tomi

79 1873 257 1915 decretis
287 1876 310 1914 6
339 1873 441 1915 Maii
474 1876 596 1928 1734,
622 1876 671 1915 14
702 1876 801 1929 Apr.
830 1876 950 1929 1757,
977 1879 1025 1917 17
1058 1876 1158 1930 Apr.
1186 1879 1307 1931 1755,
1334 1880 1382 1919 17
1404 1878 1526 1920 Febr.
1553 1881 1657 1921 1755

79 1957 105 1986 a
125 1958 264 1998 congr.
289 1944 448 1986 Indicis
468 1951 510 1987 et
537 1945 578 1988 S.
603 1945 762 2000 Inquis.
788 1946 977 1989 damnati
998 1947 1181 1999 fuerunt,
1204 1950 1376 1990 tertium
1397 1954 1557 1991 tomum
1578 1950 1655 1991 hoc

77 2016 203 2057 titulo
224 2020 342 2060 Hist.
362 2019 424 2060 du
436 2021 598 2073 peuple
617 2020 672 2062 cle
695 2021 816 2068 Dz'eu,
835 2028 875 2061 3⁶
891 2025 1056 2075 partie,
1074 2035 1131 2063 ou
1149 2023 1447 2076 Par-aphra&
1463 2024 1659 2066 litterale

78 2089 156 2131 des
175 2093 295 2131 actes
313 2090 392 2132 des
410 2091 594 2144 apocr-es
622 2091 804 2145 d'apres
824 2093 863 2133 le
893 2094 1222 2135 commentaire
1248 2094 1363 2135 latin
1383 2094 1445 2135 du
1465 2099 1503 2135 P
1538 2099 1658 2136 Ηαν-

77 2160 231 2201 douz're.
264 2164 360 2201 Par
389 2161 429 2202 le
461 2165 510 2202 Ρ.
532 2165 665 2202 Isaac
699 2166 789 2203 Jos.
816 2167 1049 2216 Berruyer·
1080 2165 1135 2205 de
1165 2165 1210 2205 la
1247 2169 1287 2205 C.
1310 2164 1366 2206 de
1396 2169 1436 2206 J.
1461 2163 1581 2215 1758,
1604 2162 1657 2204 ob

78 2228 294 2270 doctrinae
324 2228 535 2271 fallaciam
565 2237 608 2271 et
628 2235 839 2272 contortas
870 2245 976 2273 sacr.
1001 2231 1237 2273 litterarum
1267 2233 1652 2286 interpretationes,

77 2296 222 2340 offusis
242 2299 371 2340 etiam
391 2299 574 2341 tenebris
604 2313 730 2353 super
750 2314 820 2342 eos
851 2301 1050 2342 articulos
1071 2315 1174 2356 quos
1204 2302 1347 2344 christ.
1374 2303 1518 2356 populi
1547 2303 1652 2345 fides

76 2382 125 2411 ac
144 2370 280 2423 pietas
300 2371 524 2425 praecipue
557 2371 778 2425 profitetur
798 2378 840 2413 et
873 2372 985 2423 colit,
1007 2372 1194 2425 damnat,
1230 2373 1329 2426 legi,
1353 2374 1522 2415 retineri
1559 2388 1651 2428 pro-

74 2439 205 2483 hibet.

71 2504 117 2540 R.
136 2517 194 2550 ap.
213 2506 248 2540 S.
270 2506 320 2541 M.
339 2506 544 2543 M.11Dee.
565 2509 649 2543 1758
672 2507 713 2541 Ρ.
732 2518 790 2542 an.
811 2508 839 2542 I.

72 2612 174 2648 Buce.
194 2614 299 2649 Rom.

154 2724 196 2767 2.
229 2721 356 2776 Cong.
368 2736 452 2766 sac.
473 2724 541 2766 rit.
560 2730 602 2766 et
618 2724 704 2767 ind.
723 2749 749 2755 -
762 2724 1070 2768 MissionariiS.
1086 2725 1121 2768 Ι.
1133 2725 1423 2780 Marylandiae
1434 2728 1649 2781 postulant

70 2793 186 2834 varia
212 2809 219 2834 :
246 2794 283 2834 1.
310 2795 359 2834 10
381 2794 514 2836 millia
548 2795 903 2849 indulgentiarum
937 2797 1126 2838 missioni
1160 2810 1467 2850 concessarum,
1488 2800 1646 2841 numis-

69 2863 252 2905 matibus
272 2869 314 2905 et
332 2864 544 2906 crucifixis
565 2870 646 2909 etc.
671 2867 1017 2921 applicandarum
1039 2868 1177 2920 (iuxta
1205 2867 1286 2910 litt.
1310 2868 1357 2910 P.
1380 2868 1448 2911 Fr.
1472 2868 1571 2911 Retz
1592 2870 1646 2912 ad

69 2932 115 2975 P.
135 2933 375 2988 Philippum
392 2934 599 2988 Carterer,
616 2937 717 2990 Apr.
740 2939 878 2991 1754),
896 2939 1101 2991 applicari
1123 2939 1285 2992 possint
1303 2940 1434 2981 sacris
1454 2941 1644 2994 imagini-
