1989 3252
129 226 266 280 Grcg.
290 226 426 269 ΧΠΙ.
800 250 847 253 —
881 227 958 266 519
989 250 1042 254 -
1574 226 1704 269 1579.

124 311 175 352 de
195 311 348 352 litteris
370 315 413 352 et
432 310 639 352 mandatis
664 325 735 365 per
767 312 864 352 Ant.
889 312 1159 353 Possevinum
1182 312 1319 353 allatis
1341 316 1384 352 et
1405 311 1455 353 de
1483 311 1620 352 reditu
1649 311 1703 352 ad

122 381 356 423 Ecclesiam
406 381 656 423 catholicam
706 382 957 434 gratulatur,
996 396 1214 435 regnorum
1266 383 1439 423 istorum
1480 381 1533 422 ad
1567 381 1700 422 Deum

122 453 330 494 vocationi
369 452 507 494 faveat
546 453 754 503 hortatur,
795 454 1059 495 commendat
1099 453 1370 495 Possevinum
1409 467 1562 506 eosque
1598 466 1700 506 quos

120 524 229 565 istuc
249 537 390 565 secum
411 522 606 565 adducet.

117 589 162 624 R.
177 600 233 632 ap.
255 589 290 624 S.
310 590 351 623 P.
371 589 385 623 Ι
403 590 491 623 Nov.
516 592 599 624 1578
618 589 658 624 P.
678 599 735 623 an.
759 589 836 623 VII.

121 708 290 745 Theiner.
311 719 400 742 ann.
422 708 507 742 eccl.
526 708 575 742 acl
594 711 629 741 Ιι.
649 716 686 742 α.
708 719 745 741 n.
766 711 818 743 56.

199 829 321 872 124.4
350 830 668 871 Libentissime
686 832 875 870 utimur.
901 852 924 856 -
947 826 1068 880 Greg.
1094 826 1197 868 XIII
1219 827 1416 881 archiep&
1438 827 1539 869 eccl.
1563 828 1690 868 Goen.

114 898 378 940 commendat
412 903 457 939 ut
493 898 855 951 archiepiscopum
878 898 1151 951 Angamalen.
1178 899 1220 939 in
1256 899 1412 950 synodo
1447 899 1693 952 provinciali

115 969 291 1023 benigne
308 970 508 1023 excipiat,
529 974 571 1010 et
587 983 660 1023 pro
682 983 759 1010 sua
779 973 982 1022 perpet-ua
1003 983 1099 1022 erga
1114 969 1154 1011 S.
1175 969 1209 1011 I.
1230 970 1435 1011 charitate
1457 969 1692 1011 sacerdotes

113 1040 153 1082 d.
177 1040 218 1083 S.
243 1045 445 1095 quantum
467 1045 604 1094 potest
623 1041 902 1082 commendat.

111 1107 152 1142 R.
173 1118 229 1150 ap.
251 1106 286 1141 S.
307 1107 347 1141 P.
368 1107 439 1142 XX
459 1107 546 1141 Nov.
571 1109 653 1142 1578
672 1107 711 1140 P.
733 1118 790 1141 an.
815 1107 888 1141 VII.

112 1229 283 1268 Theiner,
302 1239 392 1263 ann.
411 1231 493 1262 eccl.
514 1228 562 1261 ad
580 1228 615 1261 Ιι.
635 1240 670 1262 a.
691 1240 727 1262 n.
748 1229 800 1262 96.

189 1347 311 1393 1245
341 1351 710 1392 „facundissimae
730 1352 873 1391 nobis.
899 1372 924 1377 -
960 1347 1083 1400 Greg.
1108 1346 1211 1388 XIII
1247 1348 1442 1400 archiep&
1480 1348 1684 1400 Angama-

104 1419 207 1471 len.‚
231 1417 386 1460 Christi
421 1417 546 1459 fidem
571 1418 776 1460 latissime
812 1419 1032 1471 propagari
1069 1419 1254 1471 cupienti
1289 1419 1539 1471 gratulatur,
1573 1433 1684 1459 com-

99 1489 269 1531 mendat
289 1503 458 1543 operam
482 1489 744 1530 sacerdotum
766 1489 1002 1531 sodalitatis
1022 1489 1133 1541 Iesu,
1158 1495 1360 1543 quantum
1383 1496 1535 1544 potest,
1554 1498 1684 1543 utque

106 1575 201 1603 cum
222 1562 400 1604 caeteris
422 1560 567 1602 Indiae
588 1561 796 1614 episcopis
832 1566 872 1601 et
908 1561 1165 1601 antistitibus
1199 1562 1365 1602 intersit
1397 1561 1555 1613 synodo
1590 1575 1683 1614 pro-

104 1632 288 1685 vinciali,
312 1646 421 1686 quae
442 1632 547 1674 solet
573 1632 715 1674 haberi
737 1632 849 1673 Goac
887 1631 956 1672 ubi
993 1632 1109 1673 nulla
1145 1633 1186 1672 iu
1221 1645 1266 1674 re
1302 1632 1506 1684 laedetur,
1540 1646 1681 1674 neces-

100 1704 258 1745 sarium
280 1703 454 1745 iudicat.

97 1770 140 1805 R.
159 1781 216 1813 ap.
238 1770 273 1805 S.
294 1770 334 1805 Ρ.
354 1770 478 1805 XXIX
500 1770 587 1804 Nov.
610 1770 753 1804 15781'.
773 1781 831 1803 au.
852 1769 927 1804 Vll.

101 1876 270 1920 Themer,
289 1888 379 1911 ann.
399 1877 482 1912 eccl.
503 1878 552 1912 ad
569 1880 604 1912 h.
625 1889 659 1912 a.
682 1890 717 1912 η.
737 1880 790 1913 95.

178 1995 298 2040 126ss
328 1996 378 2036 A.
403 1996 450 2037 P.
475 1995 525 2037 R.
550 1995 592 2037 M
633 2000 886 2041 Salvator&
907 2003 946 2040 ec
968 2005 1016 2039 L).
1038 2004 1091 2040 N.
1115 2004 1147 2040 I.
1175 2004 1213 2041 C.
1239 2021 1263 2027 —
1298 1996 1419 2049 Greg.
1452 1996 1556 2038 XIII
1586 2001 1673 2038 stu-

94 2066 222 2108 diosis
259 2072 302 2108 et
335 2066 528 2108 fidelibus
564 2067 617 2108 ad
652 2068 872 2109 ecclesiam
904 2068 945 2109 S.
971 2068 1004 2109 I.
1030 2068 1236 2121 Dilingae,
1260 2068 1490 2121 Monachii,
1515 2069 1668 2121 Halae,

93 2136 323 2190 Lucernae,
347 2137 608 2191 Ingolstadii,
627 2139 839 2192 Augustae
855 2144 896 2180 et
913 2139 1205 2193 Landspergae
1223 2140 1266 2180 in
1286 2153 1400 2192 prov.
1421 2140 1672 2181 Germaniae

93 2210 319 2262 superioris
341 2209 489 2250 diebus
510 2210 629 2251 festis
650 2211 874 2251 convenire
896 2211 1045 2262 solitis,
1069 2210 1261 2252 concedit
1283 2210 1367 2252 ind.
1394 2211 1505 2264 plen.
1530 2212 1573 2251 in
1603 2210 1671 2252 die

90 2279 383 2333 adscriptionis
404 2281 446 2321 in
467 2282 737 2333 consortium,
762 2282 805 2321 in
826 2282 1003 2323 articulo
1027 2283 1173 2323 mortis
1195 2288 1237 2323 et
1257 2283 1301 2322 in
1331 2282 1397 2322 die
1428 2282 1668 2323 festivitatis

91 2351 145 2392 dd
183 2351 471 2404 ecclesiarum,
495 2352 684 2406 aliasque
704 2352 919 2405 partiales.

87 2417 132 2452 R.
151 2427 209 2460 ap.
231 2418 266 2452 S.
287 2418 328 2453 P.
348 2418 382 2451 X
403 2418 485 2453 Dec.
507 2421 591 2453 1578
608 2419 649 2453 P.
669 2429 726 2453 an.
748 2419 823 2454 VlI.

87 2526 327 2560 Monam-osen
344 2526 407 2560 des
422 2528 587 2561 schweiss.
606 2527 996 2567 Stcaclenztenvereines,
1018 2534 1041 2562 t.
1062 2531 1116 2566 26.
1138 2531 1234 2570 1882,
1250 2540 1288 2571 p.
1309 2532 1364 2571 93,
1384 2531 1534 2572 bez'laqe.

167 2650 286 2696 137ss
320 2656 622 2695 Gratissimae
642 2654 845 2706 fuerunt.
866 2677 890 2681 —
906 2650 1030 2705 Greg.
1051 2652 1155 2693 XIII
1176 2652 1298 2694 Petro
1314 2653 1510 2706 archiep&
1527 2652 1661 2694 Mexi-

85 2734 206 2773 cano,
229 2722 347 2762 cuius
367 2722 566 2775 pietatem
601 2722 762 2775 laudat,
786 2723 918 2764 mittit
939 2737 1013 2776 per
1032 2723 1204 2765 Petrum
1234 2724 1334 2765 Diaz
1369 2737 1422 2765 ex
1451 2724 1538 2765 sod.
1562 2723 1659 2765 Iesu

83 2791 297 2846 reliquias,
320 2796 362 2834 et
391 2792 627 2834 sacerdotes
663 2793 702 2835 d.
727 2794 770 2835 S.
794 2807 971 2848 quorum
1006 2808 1133 2847 opera
1163 2799 1306 2836 utetur
1326 2795 1659 2837 fructuosissima

82 2863 361 2905 commendat.

82 2929 122 2963 R.
142 2940 198 2972 ap.
220 2929 255 2964 S.
275 2930 316 2964 P.
336 2929 426 2964 XIII
446 2929 534 2963 Maii
554 2932 638 2965 1579
657 2930 697 2965 P.
717 2942 776 2965 an.
798 2931 875 2966 VII.

83 3036 250 3072 Theiner.
269 3048 360 3071 ann.
380 3040 460 3071 eccl.
480 3037 529 3073 ad
547 3036 581 3071 h.
603 3048 637 3072 α.
659 3049 696 3071 n.
717 3040 792 3072 109.
