1989 3252
310 170 452 212 (Πρω.
474 169 534 212 Χ.
993 195 1042 200 -
1074 172 1154 212 390
1184 195 1239 201 —
1768 178 1901 222 1670.

307 255 418 306 niae,
441 253 600 296 Romae
620 255 664 295 in
687 255 788 297 eccl.
812 256 855 298 S.
879 257 1074 300 Andreae
1095 259 1139 299 in
1160 263 1302 301 monte
1323 259 1532 309 Quirinali
1560 265 1603 301 et
1632 261 1674 302 in
1707 263 1900 304 omnibus

308 324 497 366 ecclesiis
518 324 560 367 S.
583 325 619 367 I.
644 326 852 368 concedit.

305 390 347 425 R.
368 402 425 434 ap.
447 391 483 425 S.
505 391 555 425 M.
576 391 625 426 M.
646 392 731 428 XVI
748 394 842 436 Aug.
865 395 949 429 1670
967 394 1007 429 P.
1029 404 1087 429 an.
1108 396 1135 430 Ι.

305 498 406 532 Ball.
429 500 536 534 Rom.
1635 507 1787 543 Ezench.
1808 509 1896 544 bule.

389 610 459 653 10.
491 607 532 649 S.
555 607 642 651 Rit.
663 607 812 661 Congr.
832 633 858 639 —
877 608 1103 651 Decretum
1125 624 1251 665 super
1271 611 1415 654 ordine
1436 612 1758 666 praecedentiae
1788 616 1898 657 inter

303 680 488 733 quinque
510 684 679 721 sanctos
699 681 1019 734 canonizandos,
1043 695 1219 736 quorum
1240 683 1347 725 alter
1366 683 1408 726 S.
1432 683 1466 725 F
1467 685 1682 727 ranciscus
1702 684 1870 740 Borgia.

302 749 322 779 6
340 747 437 790 Sept.
460 750 555 784 1670.

1634 829 1789 866 Elench.
1807 830 1897 865 buu.

386 935 457 977 11.
492 936 565 976 Ad
584 936 863 990 aagendam.
902 958 929 964 -
962 933 1191 975 Clementis
1231 933 1270 975 Χ
1309 935 1574 989 indulgentia
1622 937 1666 978 in
1704 938 1894 980 ecclesiis

300 1005 599 1046 nonnullarum
619 1004 837 1047 domorum
859 1010 901 1047 et
922 1006 1191 1059 collegiorum
1214 1006 1254 1049 S.
1279 1007 1316 1049 Ι.
1340 1008 1408 1050 die
1431 1010 1482 1050 13
1504 1008 1767 1053 Novembris.

299 1075 319 1106 3
337 1073 416 1107 Oct.
439 1074 533 1107 1670.

1631 1152 1785 1187 Elench.
1807 1153 1895 1189 bulc.

382 1261 454 1304 12.
486 1260 560 1302 Ad
579 1260 859 1315 auyendam.
882 1282 909 1288 —
928 1256 1157 1300 Clementis
1177 1257 1216 1299 X
1237 1258 1503 1313 indulgentia
1521 1261 1567 1302 in
1586 1260 1681 1302 aliis
1702 1261 1895 1315 pluribus

302 1331 494 1374 ecclesiis
515 1329 557 1372 S.
580 1329 617 1372 Ι.

299 1401 319 1433 7
338 1398 418 1434 Oct.
440 1399 535 1433 1670.

1632 1444 1784 1480 Elench.
1804 1444 1893 1479 bula.

384 1554 455 1598 13.
487 1548 728 1592 Facultates
746 1563 969 1592 concessae
985 1563 1012 1593 a
1027 1549 1098 1593 SS.
1117 1550 1168 1594 D.
1187 1550 1242 1594 N.
1254 1550 1470 1594 Clemente
1486 1551 1568 1594 ΡΡ.
1588 1550 1641 1594 X.
1660 1552 1707 1594 Ρ.
1725 1551 1890 1606 Ignatio

301 1623 522 1666 Albertino
544 1636 629 1664 sac.
654 1622 694 1664 S.
720 1621 755 1664 Ι.
780 1622 989 1676 superiori
1009 1623 1256 1664 missionum
1274 1623 1408 1666 eiusd.
1429 1623 1523 1666 Soc.
1536 1625 1582 1665 in
1596 1624 1747 1665 insulis
1762 1624 1892 1666 maris

301 1696 432 1749 Aegei
467 1695 644 1749 aliisque
679 1694 853 1736 orientis
883 1694 1090 1747 partibus.
1115 1719 1141 1725 -
1161 1694 1211 1735 In
1231 1708 1371 1748 congr.
1397 1709 1492 1748 gen.
1515 1695 1556 1738 S.
1579 1695 1629 1737 R.
1655 1699 1696 1737 et
1715 1694 1771 1738 U.
1794 1695 1888 1750 Inq.

300 1767 449 1808 habita
469 1767 512 1807 in
533 1766 617 1820 pal.
643 1779 710 1827 ap.
736 1764 850 1819 apud
870 1765 911 1807 S.
935 1764 994 1807 M.
1019 1765 1076 1807 M.
1102 1765 1171 1808 SS.
1197 1765 1248 1808 D.
1272 1765 1325 1808 N.
1351 1767 1557 1808 concessit
1577 1766 1632 1808 ad
1650 1769 1677 1808 4
1694 1780 1840 1808 annos.
1865 1791 1891 1797 —

300 1838 369 1879 Fr.
394 1836 517 1879 Card.
542 1836 811 1879 BarberinuS.
840 1837 908 1878 Fr.
932 1836 1158 1878 Riccardus
1178 1836 1277 1879 Not.

300 1905 342 1940 F.
363 1905 405 1939 V.
425 1905 460 1939 d.
482 1907 522 1939 13
540 1905 629 1939 Νον.
652 1906 750 1939 1670.

1511 1948 1601 1992 369.
1621 1948 1708 1982 bull.
1739 1947 1794 1982 VI.
1815 1949 1892 1983 203.

384 2060 456 2103 14.
489 2059 743 2113 Relz‘yz'om's
763 2059 901 2101 zelus.
926 2080 952 2086 —
973 2055 1110 2099 Olem.
1130 2054 1169 2096 X
1199 2055 1372 2097 Octavio
1403 2054 1586 2098 Cataneo
1607 2055 1715 2110 prof.
1746 2057 1774 2097 4
1802 2059 1888 2098 vot.

301 2128 342 2171 S.
367 2129 401 2170 Ι.
427 2128 619 2171 concedit
638 2127 872 2180 licentiam,
894 2126 995 2168 licet
1015 2141 1098 2168 non
1118 2127 1334 2169 obtentam
1355 2140 1381 2168 a
1401 2126 1549 2182 Praep.
1574 2126 1679 2170 Gen.
1702 2126 1743 2169 d.
1778 2126 1890 2180 Soc„

300 2200 547 2242 transeundi
567 2199 621 2241 ad
640 2199 772 2240 alium
792 2200 921 2241 etiam
942 2198 1148 2240 laxiorem
1168 2197 1367 2241 Ordinem
1386 2212 1471 2241 non
1490 2203 1634 2241 tamen
1662 2198 1893 2240 militarem

301 2273 367 2315 vel
390 2271 728 2326 hospitalarium.

302 2339 343 2373 R.
363 2350 422 2382 ap.
443 2337 478 2373 S.
501 2338 551 2372 M.
570 2338 619 2372 M.
640 2337 708 2372 XV
727 2337 817 2371 Nov.
843 2339 925 2371 1670
942 2336 985 2370 P.
1005 2347 1063 2370 an.
1083 2336 1111 2371 Ι.

1523 2413 1609 2456 Rey.
1628 2413 1718 2448 bule.
1741 2413 1797 2448 VI.
1815 2415 1880 2449 208

387 2527 456 2571 15.
489 2523 731 2566 Facultates
752 2535 973 2563 concessae
990 2534 1016 2562 a
1033 2519 1103 2563 SS.
1126 2520 1174 2562 D.
1195 2519 1248 2563 N.
1264 2518 1480 2562 Clemente
1501 2520 1582 2563 ΡΡ.
1601 2519 1655 2563 Χ.
1675 2520 1724 2563 Ρ.
1743 2521 1892 2563 Ioanni

302 2598 422 2639 Briot
442 2611 525 2638 sac.
550 2596 592 2638 S.
616 2595 651 2637 I.
676 2594 888 2649 praefecto
911 2594 1160 2635 missionum
1182 2592 1315 2634 eiusd.
1341 2592 1382 2634 S.
1407 2593 1451 2633 in
1471 2593 1666 2634 Amerina
1694 2593 1890 2634 meridio-

304 2668 391 2710 nali
411 2673 451 2709 et
472 2666 622 2708 insulis
643 2664 951 2707 adiacentibus.
971 2688 997 2694 —
1018 2662 1068 2704 In
1086 2676 1225 2716 congr.
1245 2676 1339 2716 gen.
1363 2662 1405 2704 S.
1430 2661 1481 2704 R.
1500 2667 1544 2703 et
1558 2661 1613 2705 U.
1631 2661 1725 2717 Inq.
1744 2663 1787 2703 in
1804 2662 1888 2716 pal.

303 2753 371 2793 ap.
395 2738 508 2792 apud
529 2737 570 2780 S.
594 2736 652 2778 M.
678 2736 735 2779 M.
760 2735 830 2778 SS.
854 2735 906 2777 D.
928 2733 981 2777 N.
1005 2747 1122 2777 conc.
1146 2733 1200 2775 ad
1221 2733 1505 2787 septennium.

305 2806 344 2839 F.
366 2805 408 2838 V.
429 2805 524 2838 (1.2Ο
543 2804 633 2838 Nov.
655 2804 751 2837 1670.

304 2860 409 2893 Nota.
431 2859 584 2901 Suprad.
602 2858 792 2892 facultates
807 2856 934 2890 eodem
953 2855 1023 2896 die,
1040 2865 1163 2888 mense
1181 2858 1217 2888 et
1233 2865 1329 2888 anno
1347 2854 1496 2888 fuerunt
1513 2864 1706 2889 concessae
1725 2853 1767 2887 P.
1779 2853 1892 2887 Fran-

304 2915 398 2949 cisco
428 2915 630 2948 Lcmarxan
649 2912 686 2954 (?)
704 2912 738 2946 S.
766 2912 793 2946 Ι.
814 2911 926 2954 praef.
947 2910 1160 2944 missionum
1175 2909 1288 2943 eiusd.
1307 2908 1343 2942 S.
1362 2909 1398 2942 in
1417 2909 1586 2943 America
1604 2907 1894 2952 septemtrionali

303 2981 410 3004 nunc.
430 2969 588 3005 Canada.
607 2986 650 2992 -
668 2967 726 3002 Fr.
746 2966 850 3001 (Jard.
873 2965 1103 3006 Barberinus,
1124 2965 1182 2999 Fr.
1203 2964 1402 2998 Riccardus
1419 2963 1502 2999 Not.

1516 3063 1607 3106 Rey.
1626 3063 1714 3096 bun.
1737 3061 1794 3096 Vl.
1815 3062 1894 3096 205.
