1989 3252
124 225 269 269 Pauli
287 225 341 268 V.
794 247 848 252 ——
877 223 955 262 249
986 245 1038 251 -
1566 218 1699 261 1609.

207 313 271 356 77.
300 316 519 354 Πηϊυενςο
537 316 672 366 yreyz'
690 311 931 352 dominico.
950 332 975 338 -
996 307 1115 349 Pauli
1135 306 1172 348 V
1192 305 1435 347 mandatum
1457 303 1703 358 patriarchis

124 381 466 435 archiepiscopis,
479 380 684 434 episcopis
701 383 743 420 et
758 392 901 420 eorum
917 379 1083 420 vicariis
1094 382 1136 419 et
1145 376 1393 420 officialibus
1400 380 1448 417 ut
1457 375 1703 416 missionum

126 452 169 495 S.
205 452 239 493 I.
278 466 382 506 opus
413 464 656 506 promovere
690 450 885 492 studeant
918 455 960 492 et
992 449 1170 503 benigno
1208 449 1351 490 favore
1396 450 1706 501 prosequantur

125 524 356 576 operarios.

125 589 175 625 ΠΙ
191 590 277 632 Apr.
298 591 394 624 1609.

1441 690 1591 726 Elench.
1612 690 1700 725 bull.

205 808 274 851 78.
301 810 465 848 Graios
486 806 691 848 Domino.
716 828 741 833 —
762 802 880 844 Paul.
904 801 939 842 V
961 801 1130 842 Vicario
1163 814 1258 854 gen.
1294 800 1493 853 Archiep.
1516 799 1701 841 Firman.

125 875 367 929 petentibus
389 875 686 916 communitate
708 878 750 915 et
769 873 1010 914 hominibus
1031 872 1071 913 d.
1090 873 1168 913 civ.
1188 872 1410 913 committit
1425 875 1472 911 ut
1492 885 1585 912 cum
1608 870 1702 912 coll.

126 946 168 988 S.
193 946 226 988 I.
252 946 445 987 Firmano
467 946 584 986 uniat
605 944 888 998 parochialem
911 943 1014 984 eccl.
1034 943 1074 985 S.
1096 942 1321 984 Salvatoris
1343 955 1437 982 cum
1452 941 1566 982 illius
1583 940 1704 982 domo

126 1017 299 1070 paroch.
334 1030 406 1057 seu
442 1016 652 1067 rectorali,
677 1029 758 1070 quo
793 1014 1049 1056 commodior
1082 1014 1199 1054 locus
1232 1012 1284 1053 ad
1320 1012 1504 1053 futuram
1539 1012 1705 1064 collegii

124 1089 430 1130 institutionem
451 1087 591 1128 nullus
612 1092 689 1128 est.
714 1086 780 1127 Fr.
806 1089 884 1128 200
906 1085 999 1126 duc.
1020 1085 1237 1127 Consensit
1253 1083 1491 1125 Alexander
1510 1083 1551 1124 S.
1576 1082 1701 1124 Laur.
1722 1070 1726 1073 Δ

124 1160 167 1199 in
189 1158 368 1199 Damaso
402 1158 520 1199 Diae.
558 1157 681 1199 Card.
716 1157 921 1199 Montalto
956 1169 1082 1197 nunc.
1120 1155 1160 1197 S.
1184 1154 1233 1195 R.
1258 1154 1307 1195 E.
1332 1154 1434 1195 Vice
1468 1154 1596 1195 Canc.
1633 1154 1706 1206 qui

125 1229 158 1270 F
162 1229 293 1271 arfen.
319 1233 361 1270 et
376 1229 438 1270 illi
459 1242 667 1270 annexum
690 1228 730 1270 S.
755 1227 980 1270 Salvatoris
1001 1227 1255 1268 monasteria
1281 1225 1328 1266 O.
1356 1225 1395 1267 S.
1422 1224 1524 1266 Ben.
1548 1224 1706 1265 nullius

124 1299 257 1342 dioec.
282 1301 324 1340 in
360 1300 649 1341 commendam
685 1299 859 1341 obtinet.
884 1298 994 1353 Cura
1014 1299 1249 1340 animarum
1271 1297 1323 1338 ad
1343 1297 1564 1338 viciniores
1584 1308 1705 1348 paro-

123 1372 240 1413 chias
259 1372 550 1412 transferatur.

126 1437 173 1472 R.
191 1449 248 1481 ap.
270 1437 305 1472 S.
327 1437 366 1472 P.
388 1437 421 1470 X
439 1437 512 1471 kal.
533 1437 622 1471 Maii
643 1439 726 1472 1609
744 1436 784 1472 P.
804 1447 862 1469 an.
881 1436 942 1471 IV.

1121 1545 1211 1588 Rey.
1233 1546 1318 1577 bun.
1339 1544 1403 1578 IV.
1426 1545 1497 1578 104.
1521 1543 1552 1575 b.
1575 1544 1648 1577 106.
1670 1542 1690 1574 b

205 1663 274 1706 79.
306 1662 564 1703 Pastoralz's
583 1661 864 1714 offi'ez'z'cvra.
909 1683 934 1688 —
970 1657 1087 1699 Paul.
1122 1657 1173 1709 V,
1206 1661 1374 1710 petente
1403 1655 1466 1697 Cl.
1491 1655 1707 1708 Aquaviva

132 1731 199 1772 Pr.
224 1730 326 1771 Gen.
353 1729 393 1771 S.
417 1729 451 1770 I.
476 1729 641 1770 officiali
662 1729 875 1769 Pictaven.
900 1729 1123 1769 committit
1158 1734 1203 1769 ut
1223 1742 1332 1769 cum.
1357 1727 1452 1769 coll.
1486 1726 1707 1767 novissime

129 1816 182 1842 ex
205 1802 370 1842 decreto
392 1801 564 1842 Henrici
584 1800 734 1841 Franc.
758 1814 842 1853 reg.
868 1800 1012 1841 christ.
1037 1801 1079 1840 in
1100 1814 1194 1853 opp.
1219 1800 1406 1841 Roanen.
1431 1803 1569 1839 erecto
1589 1797 1707 1838 uniat

133 1873 361 1926 prioratum
398 1872 440 1912 S.
465 1872 573 1912 Petri
611 1872 692 1911 loci
728 1871 974 1924 Duigonnay
996 1871 1044 1911 O.
1083 1871 1122 1912 S.
1149 1872 1254 1923 Aug.
1278 1870 1487 1911 Pictaven.
1526 1868 1656 1909 dioec.
1682 1881 1707 1908 a

122 1942 219 1984 Nic.
245 1943 417 1984 Bidault
437 1943 536 1984 cler.
556 1943 826 1994 resignatum.
845 1941 915 1982 Fr.
934 1945 1013 1983 400
1037 1942 1130 1983 duc.
1156 1941 1329 1982 Nicolao
1345 1954 1443 1981 ann.
1463 1942 1605 1994 pensio
1628 1941 1706 1979 600

127 2014 223 2055 libr.
250 2013 555 2054 Turonensium
589 2018 800 2054 reservata
820 2029 828 2065 ;
851 2014 1007 2054 vicario
1029 2017 1231 2066 perpetuo
1253 2012 1326 2053 dos
1347 2014 1398 2054 50
1420 2011 1473 2053 ad
1502 2012 1579 2051 100
1609 2010 1703 2051 duc.

125 2084 389 2138 assignanda.

117 2150 163 2186 R.
183 2162 240 2194 ap.
264 2151 302 2185 S.
323 2151 365 2185 P.
383 2151 433 2186 IV
451 2150 523 2185 kal.
548 2150 633 2185 Maii
652 2152 736 2185 1609
753 2151 794 2184 Ρ.
817 2161 875 2184 an.
895 2150 957 2185 IV.

1318 2257 1402 2300 Res!-
1425 2256 1512 2290 hall.
1538 2256 1600 2290 IV.
1623 2258 1696 2292 116.

199 2378 276 2420 80.
302 2377 485 2425 Eoepom‘
505 2371 634 2412 nobis
654 2383 813 2424 nuper.
833 2397 858 2402 -
875 2371 993 2413 Paul.
1014 2371 1266 2424 V‚exposito
1284 2384 1356 2424 per
1368 2369 1429 2411 Cl.
1444 2369 1703 2423 Aquavivam

124 2445 192 2487 Pr.
216 2445 318 2486 Gen.
343 2445 384 2487 S.
408 2445 442 2487 Ι.
467 2445 687 2497 collegium
726 2443 766 2485 S.
791 2443 825 2484 I.
851 2442 1176 2495 Neapolitanum
1196 2443 1311 2494 gravi
1331 2454 1428 2482 aere
1458 2440 1594 2482 alieno
1622 2439 1700 2481 sub

114 2516 290 2557 cambiis
324 2516 376 2556 ad
410 2529 616 2557 summam
646 2517 698 2556 20
719 2528 776 2556 m.
809 2513 902 2554 duc.
927 2520 1143 2565 gravatum
1174 2513 1365 2565 reperiri,
1389 2512 1507 2552 cuius
1527 2511 1691 2552 ratione

112 2591 249 2627 rector
269 2600 454 2627 annuum
488 2587 690 2627 interesse
710 2586 820 2626 ultra
840 2585 865 2624 7
887 2590 980 2625 scut
1017 2598 1091 2636 pro
1113 2583 1300 2637 quolibet
1328 2583 1567 2624 centenario
1597 2595 1690 2634 per-

112 2658 250 2709 solvit,
273 2671 407 2711 neque
429 2657 536 2698 bono
569 2656 740 2697 stabilia
766 2657 807 2695 in
844 2655 944 2695 urbe
978 2654 1191 2707 possidere
1225 2667 1351 2707 super
1380 2653 1531 2707 quibus
1558 2652 1689 2693 annui

112 2742 260 2769 census
281 2728 538 2769 redimibiles
558 2727 610 2768 ad
647 2728 850 2768 minorem
887 2726 1092 2766 rationem
1126 2727 1410 2778 imponantur,
1434 2724 1625 2765 concedit
1644 2728 1692 2763 ut

112 2812 260 2840 census
281 2799 334 2840 ad
356 2801 407 2840 20
428 2813 484 2840 m.
509 2798 602 2839 duc.
622 2799 895 2851 imponantur
911 2810 1036 2849 super
1053 2796 1170 2838 bonis
1191 2796 1353 2849 collegii
1368 2795 1562 2846 Romani,
1581 2794 1692 2834 infra

90 2862 95 2866 ⁴
112 2871 376 2923 septennium
397 2874 539 2910 tamen
559 2868 807 2910 redimendi.

111 2935 152 2970 R.
172 2947 229 2978 ap.
250 2936 286 2969 S.
306 2936 355 2970 M.
375 2935 498 2970 XXIII
517 2935 606 2970 Maii
626 2937 710 2970 1609
728 2934 768 2969 Ρ.
786 2945 845 2968 an.
863 2933 926 2969 IV.

1331 3042 1417 3084 Rey.
1438 3039 1524 3073 bula.
1544 3038 1611 3073 IV.
1633 3040 1687 3073 97.
