1989 3252
91 209 231 255 Pauli
250 209 304 254 V.
755 233 810 238 —
838 208 918 250 243
947 232 1002 238 —
1534 208 1667 252 1608.

173 298 245 342 55,
275 296 324 337 A.
344 295 390 337 P.
408 294 457 337 R.
478 294 536 337 M.
556 301 610 339 Et
624 298 738 350 fides
758 301 797 340 et
817 299 1005 340 devocio.
1023 319 1049 326 -
1067 294 1184 336 Paul.
1203 294 1239 335 V
1256 293 1497 348 petentibus
1513 292 1546 333 F
1548 306 1660 334 rane.

91 365 275 408 Carletto
296 371 338 408 et
356 372 516 409 rectore
535 366 631 408 coll.
655 366 698 408 S.
722 366 756 408 I.
781 366 1053 419 Pictavensis,
1076 366 1246 407 domum
1275 365 1619 407 eleemosinariae
1639 377 1666 405 a

92 437 134 479 S.
154 437 289 479 Maria
304 452 429 480 nunc.
441 443 482 479 et
497 451 522 479 a
540 437 768 479 maioribus
779 437 819 479 d.
832 437 1044 478 Francisci
1060 437 1293 490 fundatam,
1312 436 1482 478 inducta
1493 436 1663 478 civitate

89 522 198 550 anno
222 511 326 550 1218
346 513 393 550 ut
411 508 464 550 ad
493 509 788 562 primogenitos
816 508 1000 550 familiae
1030 508 1081 549 de
1113 508 1309 550 Carlettis
1338 509 1382 549 in
1410 510 1662 560 perpetuum

89 584 313 633 spectaret,
332 579 371 621 d.
396 579 568 633 collegio
588 579 793 631 concedit,
816 580 956 621 omnia
974 592 1103 621 onera
1123 580 1297 632 antiqua
1314 578 1571 619 fundationis
1594 577 1665 618 do-

88 664 181 692 mus
202 655 244 692 et
263 651 607 692 eleemosinariae
627 651 670 692 in
690 663 850 704 preces,
873 663 1010 691 sacras
1040 650 1187 690 missas
1216 653 1258 690 et
1286 649 1371 690 alia
1400 649 1602 702 obsequia
1623 651 1665 688 et

89 722 337 775 ministeria,
356 736 463 777 quae
483 736 508 764 a
528 721 734 764 Societate
754 735 827 776 pro
849 722 936 762 suis
956 720 1247 763 fundatoribus
1267 725 1308 762 et
1328 719 1662 762 benefactoribus

90 792 183 836 fieri
203 793 353 847 solent,
376 798 618 836 commutat.

90 859 134 895 R.
152 871 210 903 ap.
231 859 267 895 S.
287 860 328 894 P.
347 859 434 896 XIII
451 860 535 894 Dee.
557 862 640 895 1607
661 859 700 893 Ρ.
720 870 779 893 an.
799 859 861 894 III.

1313 969 1401 1012 Κεφ
1422 968 1510 1002 hall.
1530 968 1592 1002 IV.
1612 971 1666 1004 73.

170 1088 243 1131 56,
275 1084 479 1126 Debitum
492 1083 747 1137 pastoralis
767 1085 915 1135 officii.
949 1108 974 1114 -
1004 1084 1121 1125 Paul.
1156 1083 1190 1124 V
1222 1083 1389 1125 officiali
1419 1083 1666 1125 Lexoviensi

89 1156 264 1198 mandat
283 1161 330 1198 ut
350 1157 578 1210 prioratum
602 1157 642 1198 S.
667 1155 838 1198 Martini
861 1155 910 1196 de
943 1155 1158 1197 Scacoleto
1190 1155 1295 1196 alias
1326 1155 1367 1196 S.
1392 1154 1603 1195 Barbarae
1624 1156 1670 1196 in

90 1227 213 1280 Algia
233 1228 402 1282 (Aulge)
423 1227 471 1269 O.
498 1228 538 1269 S.
564 1228 668 1280 Aug.
694 1227 917 1269 Lexovien.
942 1226 1074 1267 dioec.
1099 1226 1419 1268 conventualem
1440 1231 1482 1266 et
1502 1226 1570 1266 cui
1591 1239 1665 1266 an-

92 1312 202 1340 nexa
222 1303 286 1339 est
305 1312 404 1340 cura
425 1300 659 1340 animarum
687 1312 776 1339 vac.
810 1311 884 1351 per
912 1312 1016 1339 cess.
1050 1297 1220 1339 Roberti
1250 1296 1300 1338 de
1331 1297 1372 1338 la
1402 1296 1670 1338 Menavdiere

92 1369 248 1422 clerici,
271 1369 445 1423 collegio
466 1370 507 1411 S.
530 1369 565 1411 Ι.
589 1371 632 1411 in
653 1370 755 1410 urbe
787 1367 1012 1410 Cadomen.
1037 1369 1232 1409 Baiocen.
1258 1368 1390 1409 dioec.
1426 1372 1565 1409 erecto
1595 1380 1668 1408 an-

93 1444 234 1481 nectat
252 1453 348 1482 cum
369 1440 601 1481 redditibus
624 1442 727 1482 1500
750 1440 890 1481 ducat.
914 1440 1079 1481 annuis.

92 1505 134 1540 R.
153 1516 210 1549 ap.
231 1505 266 1541 S.
288 1507 328 1541 P.
348 1507 434 1543 XIII
451 1506 524 1541 kal.
554 1507 630 1542 Ian.
653 1507 735 1542 1607
753 1507 796 1540 Ρ.
816 1517 874 1540 an.
898 1506 961 1541 III.

1030 1616 1193 1650 Fundat.
1208 1625 1270 1657 pr.
1290 1614 1484 1655 Francia&
1505 1614 1665 1649 Cadomi.

174 1733 242 1778 57.
273 1731 322 1773 A.
347 1731 394 1774 P.
418 1730 469 1773 R.
493 1730 550 1774 M.
575 1732 647 1770 Eoe
665 1728 810 1770 debito
829 1728 1080 1782 pastoralis
1099 1728 1247 1779 officii.
1271 1753 1297 1759 -
1318 1728 1437 1770 Paul.
1463 1727 1499 1769 V
1528 1732 1672 1782 peten-

92 1802 205 1845 tibus
233 1807 394 1845 rectore
417 1803 514 1844 coll.
549 1803 590 1845 S.
624 1801 658 1844 Ι.
691 1801 1005 1844 Colimbriensis
1035 1805 1077 1842 et
1109 1800 1232 1842 Ferd.
1267 1800 1316 1841 de
1357 1800 1478 1841 Lima
1512 1804 1671 1841 rectore

94 1875 280 1927 generali
295 1875 497 1916 ecclesiae
515 1874 557 1915 S.
578 1873 634 1915 M.
653 1873 734 1915 loci
752 1874 803 1915 de
820 1873 994 1914 Bordelo
1012 1872 1062 1914 de
1079 1872 1221 1914 Monte
1238 1871 1516 1912 Braccharen.
1537 1870 1669 1912 dioec.

96 1946 318 1988 confirmat
337 1945 603 1987 concordiam
623 1945 734 1986 inter
754 1958 824 1986 eos
845 1945 993 1985 initam
1014 1958 1058 1984 su
1066 1957 1137 1997 per
1156 1943 1231 1984 lite
1253 1942 1303 1983 de
1333 1941 1538 1983 fructibus
1569 1941 1670 1982 9001.

93 2017 140 2063 S.
165 2017 223 2059 M.
248 2018 297 2059 de
319 2017 499 2059 Moreira
518 2017 611 2070 (cfr.
636 2021 772 2061 Paule·
791 2023 861 2060 Ill
877 2028 923 2059 72⁰
944 2017 1013 2067 23)
1034 2029 1160 2069 quam
1177 2014 1218 2055 d.
1236 2013 1358 2055 Ferd.
1378 2012 1523 2053 videns
1538 2026 1598 2064 se,
1623 2012 1672 2053 de

93 2088 227 2130 nobili
254 2103 404 2142 genere
432 2094 695 2143 procreatum
727 2102 862 2142 neque
892 2087 1117 2128 habentem
1147 2084 1257 2127 unde
1283 2083 1497 2126 commode
1517 2098 1561 2124 se
1583 2097 1673 2124 sus-

97 2163 259 2201 tentare
278 2160 450 2212 valeret,
473 2161 679 2201 sustinere
699 2173 782 2200 non
804 2172 938 2212 posse,
960 2163 1165 2199 rectorem
1194 2157 1388 2199 convenit
1417 2160 1463 2197 ut
1483 2168 1671 2196 reserva-

97 2231 202 2272 tioni
222 2231 432 2284 pensionis
452 2245 548 2272 ann.
574 2234 625 2272 90
646 2245 702 2272 m.
725 2230 854 2283 regal.
878 2230 1146 2271 consentiret.

98 2295 142 2331 R.
161 2307 218 2339 ap.
241 2296 276 2331 S.
296 2297 336 2331 P.
355 2297 408 2332 IX
425 2297 498 2331 kal.
517 2297 594 2332 Ian.
615 2299 699 2332 1607
717 2296 758 2330 Ρ.
777 2307 837 2330 an.
854 2295 917 2330 111.

1266 2402 1355 2446 Ray.
1373 2401 1461 2435 buu.
1481 2400 1546 2435 IV.
1566 2403 1619 2436 85.
1640 2401 1674 2435 b.

184 2524 255 2570 58.
290 2509 551 2569 Coelescz'wn
581 2538 837 2567 munerum.
861 2546 886 2552 -
915 2521 1036 2562 Paul.
1070 2519 1105 2560 V
1127 2519 1398 2572 apostolicam
1419 2517 1674 2559 benedictio-

101 2610 198 2639 nem
217 2601 260 2638 et
279 2595 436 2649 indulg.
460 2595 572 2649 plen.
596 2594 788 2636 concedit
807 2607 881 2647 pro
901 2591 1170 2634 missionibus
1190 2588 1231 2631 S.
1255 2589 1290 2631 I.
1313 2589 1378 2630 Ad
1408 2588 1675 2643 quadrienni-

105 2682 177 2710 um
197 2667 297 2722 (cfr.
323 2666 452 2709 Clem.
476 2666 594 2719 VIII,
617 2681 658 2708 n.
686 2666 794 2719 178).

104 2733 147 2769 R.
165 2744 222 2777 ap.
245 2733 280 2770 S.
300 2734 342 2768 P.
361 2734 445 2770 vm
461 2734 535 2767 Ian.
558 2735 640 2768 1608
658 2733 699 2767 P.
719 2743 779 2766 an.
797 2731 858 2767 ΠΙ.

1266 2838 1354 2882 Rey.
1375 2837 1464 2871 buil.
1483 2836 1548 2871 IV.
1567 2839 1622 2871 72.
1644 2835 1679 2869 b.

189 2956 262 3001 59.
290 2953 356 2996 Ad
383 2954 731 3009 supplicationem
759 2952 872 2993 Petri
900 2949 1127 2992 Millehard
1155 2948 1352 2990 monachi
1381 2947 1488 3002 prof.
1521 2947 1565 2987 in
1594 2959 1681 2987 mo-

108 3030 218 3069 nast.
249 3026 297 3069 B.
321 3026 379 3071 M.
403 3027 454 3070 de
484 3026 666 3069 Simorra
695 3025 742 3068 O.
766 3025 809 3066 S.
840 3024 942 3066 Ben.
976 3027 1018 3065 et
1047 3022 1196 3076 prioris
1225 3021 1433 3074 prioratus
1464 3020 1506 3062 S.
1539 3018 1682 3059 Dodae

1583 3088 1623 3120 16
