1989 3252
295 217 437 260 Cloni.
461 216 546 260 XI.
959 242 1012 246 —
1041 218 1121 258 436
1153 242 1206 247 —-
1753 219 1880 263 1707.

292 301 459 343 officiali
480 303 665 356 episcopi
687 302 861 344 Trecen.
889 309 934 344 ut
955 305 998 344 iu
1021 305 1268 357 prioratum,
1291 317 1393 345 cura
1422 308 1716 357 conventuque
1737 317 1882 346 caren-

290 377 392 424 tem,
416 371 457 414 S.
482 373 598 414 Petri
620 373 670 414 de
690 372 942 415 Villenauxe
963 375 1053 416 ord.
1077 388 1172 417 can.
1198 389 1282 428 reg.
1305 374 1347 416 S.
1371 374 1478 426 Aug.
1513 373 1688 415 Trecen.
1722 374 1878 427 dioec.‚

290 456 316 484 a
350 444 607 485 monasterio
643 443 682 486 S.
720 442 910 494 Quintini
945 444 985 486 d.
1010 444 1109 487 Ord.
1134 445 1358 487 Belvacen.
1382 443 1516 486 dioec.
1554 444 1878 499 dependentem,

291 514 514 567 extinguat
534 518 628 567 post
648 514 809 556 obitum
826 514 981 557 Odonis
1002 515 1089 557 Iac.
1114 515 1275 557 Brunet
1296 515 1433 569 presb.
1455 514 1820 568 commendatarii,
1839 520 1881 557 et

289 584 465 637 collegio
486 583 811 628 claromontano
833 586 1035 628 Ludovici
1071 588 1210 640 magni
1245 592 1487 639 nuncupato
1525 583 1564 628 S.
1590 585 1624 627 Ι.
1651 585 1879 628 Parisiensi

289 656 409 697 uniat
423 671 432 707 ;
446 655 609 697 fructus
625 657 696 710 (124
711 656 827 710 duc.)
842 656 912 699 dd.
932 657 1203 699 missionibus
1220 657 1512 711 promovendis
1531 662 1574 698 et
1591 658 1616 698 2
1632 657 1877 699 catechistis

287 726 345 767 ibi
376 726 702 768 manutenendis
718 728 1030 781 impendentur‚
1054 728 1226 782 dempta
1242 733 1384 770 tamen
1407 742 1461 770 ex
1482 727 1690 769 fructibus
1710 742 1876 770 summa

289 800 369 839 650
390 797 487 840 libr.
511 799 820 852 turonensium,
843 799 1006 840 duabus
1041 799 1252 841 sororibus
1287 799 1328 842 S.
1366 799 1513 841 Lazari
1548 813 1622 841 seu
1657 799 1876 841 charitatis

288 869 514 923 quotannis
535 869 733 910 solvenda
753 883 863 923 quae
884 870 1047 923 puellas
1069 871 1112 912 in
1133 870 1174 912 d.
1198 870 1351 925 oppido
1372 872 1587 911 instruant
1617 874 1660 912 et
1688 876 1878 924 aegrotos

287 953 496 994 pauperes
516 939 730 982 adiuvent.

287 1007 330 1041 R.
345 1017 403 1050 ap.
423 1006 459 1041 S.
480 1007 528 1041 M.
551 1008 599 1042 M.
620 1007 667 1041 id.
686 1007 754 1042 Iul.
779 1010 860 1043 1707
880 1008 920 1042 P.
940 1019 998 1043 an.
1021 1009 1097 1044 VH.

347 1060 455 1096 Nota·
492 1062 533 1096 15
563 1061 628 1095 Iul.
659 1064 743 1097 1707
772 1062 991 1098 Franciscus
1021 1064 1064 1098 de
1094 1064 1247 1107 Mornay
1271 1064 1522 1104 Mouchereul,
1542 1064 1656 1098 abbas
1674 1063 1878 1098 commend.

287 1114 324 1149 S.
344 1115 511 1156 Quintini
531 1127 594 1159 per
612 1124 883 1160 procuratorem
899 1129 1006 1153 suum
1024 1119 1124 1153 Mich
1157 1121 1252 1163 Ang.
1272 1119 1315 1153 de
1333 1119 1369 1153 la
1387 1119 1551 1154 Chausse
1568 1118 1760 1153 consensit.

1480 1228 1571 1273 Rea.
1588 1228 1678 1263 baal.
1700 1226 1784 1262 ΠΙ
1800 1228 1875 1262 102.

367 1349 442 1393 43.
479 1354 587 1392 Cum
606 1348 795 1403 Γράφει).
833 1372 858 1377 -
904 1347 1036 1389 Clem.
1079 1346 1139 1389 XI
1179 1347 1267 1390 ind.
1311 1349 1426 1402 plen.
1470 1361 1544 1402 pro
1585 1347 1879 1389 communione

285 1418 472 1471 generali
493 1420 536 1460 in
556 1418 659 1460 eccl.
684 1417 725 1460 S.
750 1417 784 1461 I.
810 1418 1003 1460 concedit
1023 1418 1077 1461 ad
1101 1421 1150 1461 15
1171 1433 1303 1460 annos
1325 1418 1427 1473 (Cfr.
1453 1419 1546 1461 Inn.
1572 1417 1654 1459 XII
1676 1433 1717 1460 n.
1744 1420 1803 1472 6).

284 1484 374 1519 XIII
391 1486 486 1528 Aug.
508 1487 604 1520 1707.

1619 1595 1771 1629 Elench.
1793 1595 1879 1629 buu.

365 1718 441 1762 44.
471 1718 545 1760 Ad
563 1717 841 1771 azcyendam.
867 1738 893 1745 —
913 1712 1029 1756 Clem
1050 1713 1110 1755 XI
1132 1713 1218 1756 ind.
1251 1714 1365 1768 plen.
1389 1714 1458 1756 die
1482 1715 1532 1755 13
1554 1714 1805 1756 Novembris
1836 1714 1879 1754 in

285 1785 480 1828 domibus
500 1785 698 1840 professis
720 1785 933 1839 Neapolit.
958 1785 1155 1828 Panorm.
1190 1785 1362 1828 Mediol.
1405 1785 1620 1827 Valentia.
1655 1784 1874 1838 Hispalen.

285 1857 517 1900 Calaritan.
556 1857 760 1899 Parisien.
799 1856 1013 1910 Burdigal.
1058 1856 1265 1899 Viennen.
1305 1857 1595 1910 Antwerpien.
1632 1856 1876 1898 Cracovien.

285 1926 546 1970 Warsovien.
570 1927 717 1970 Goana
736 1933 779 1970 et
800 1927 1038 1980 Mexicana,
1061 1929 1104 1969 in
1125 1929 1337 1970 nonnullis
1353 1928 1450 1970 coll.
1475 1932 1517 1969 et
1538 1927 1733 1970 domibus
1753 1926 1873 1980 prob.

284 2000 478 2042 concedit
496 2000 551 2042 ad
571 2001 853 2054 septennium.
879 2000 984 2054 (Cfr.
1008 1999 1101 2042 Inn.
1127 1999 1225 2052 XII,
1249 2014 1289 2042 n.
1315 2002 1375 2053 9).

285 2067 368 2103 XIII
385 2070 478 2111 Aug.
503 2069 597 2103 1707.

1389 2176 1541 2211 Elem-h.
1561 2177 1650 2212 bun.
1670 2195 1710 2200 —
1729 2178 1875 2213 Buzzae.

365 2299 441 2342 45.
474 2303 575 2341 Non
595 2298 734 2351 facile
754 2300 1001 2353 e.>0plz'eare.
1027 2320 1052 2326 -
1073 2293 1204 2337 Clem.
1230 2294 1290 2336 XI
1321 2296 1612 2349 potentissimo
1643 2309 1693 2336 ac
1723 2309 1873 2349 magno

284 2367 454 2410 domino
491 2368 612 2410 Czari
647 2372 688 2408 et
723 2381 872 2421 magno
909 2367 1014 2408 Duci
1053 2367 1228 2409 Petro...
1266 2367 1466 2421 gaudium
1506 2381 1628 2409 suum
1664 2366 1875 2420 significat

281 2438 394 2493 quod
413 2452 489 2492 per
508 2438 669 2479 Ducem
691 2439 899 2479 Borisium
920 2438 1187 2480 Kurakinum
1208 2444 1307 2480 aute
1328 2439 1492 2493 aliquot
1511 2452 1676 2481 menses
1696 2439 1874 2481 Romam

284 2509 525 2563 ablegatum
560 2511 714 2551 certior
748 2510 886 2551 factus
922 2515 986 2551 est
1019 2511 1108 2553 fore
1143 2517 1192 2552 ut
1224 2510 1404 2552 liberum
1439 2524 1489 2552 ac
1509 2510 1726 2564 publicum
1748 2511 1869 2553 Rom.

283 2581 500 2634 religionis
520 2582 771 2623 exercitium
793 2582 836 2622 in
857 2582 1017 2624 ditione
1038 2583 1128 2623 eius
1149 2583 1432 2636 permittatur,
1451 2583 1494 2623 in
1511 2584 1682 2624 civitate
1699 2581 1871 2624 Mosoua

284 2657 515 2694 conventus
536 2654 883 2706 cappucinorum‚
907 2653 1055 2695 domus
1085 2659 1126 2695 et
1157 2655 1378 2707 gymnasia
1411 2653 1451 2695 S.
1489 2652 1524 2695 Ι.
1562 2653 1791 2695 fundentur
1830 2659 1872 2695 et

284 2725 488 2765 transitus
509 2725 787 2766 missionariis
807 2724 860 2765 ad
876 2724 1069 2766 Sinarum
1091 2726 1318 2778 imperium
1334 2724 1588 2766 concedatur
1607 2740 1616 2777 ;
1635 2724 1814 2778 publicis
1831 2729 1873 2767 et

284 2796 477 2848 congruis
498 2794 874 2849 significationibus
904 2796 1137 2838 declarabit
1169 2796 1369 2850 gaudium
1402 2810 1497 2838 cum
1533 2796 1785 2838 documenta
1820 2795 1873 2837 ad

285 2880 436 2908 manus
456 2880 555 2909 suas
575 2868 861 2921 pervenerint.

284 2932 327 2967 R.
345 2943 405 2976 ap.
425 2933 462 2966 S.
481 2933 530 2969 M.
552 2932 601 2968 M.
621 2932 742 2968 XVIII
762 2932 842 2967 Oet.
864 2935 949 2968 1707
968 2933 1006 2967 Ρ.
1029 2945 1087 2969 ειηῚ
1110 2934 1169 2970 VI.

289 3052 403 3090 Clem.
421 3053 488 3089 XI.
509 3059 613 3099 epist.
