1989 3252
67 234 209 278 Clem.
232 235 318 279 IX.
732 262 783 267 -
814 238 893 277 385
922 261 976 267 —
1514 238 1640 282 1668.

144 325 186 365 4.
220 321 271 363 A.
294 321 340 362 P.
378 321 429 362 R.
462 321 520 362 M.
548 325 752 365 Credzcae
773 325 900 366 nohis
921 326 1160 367 divinitus.
1184 348 1209 354 -—
1241 322 1372 367 Clem.
1394 323 1454 364 IX
1483 324 1642 366 cultum

65 397 107 432 et
125 394 435 433 venerationem
466 392 507 434 S.
531 392 682 445 Ignatii
704 392 745 434 S.
769 393 804 435 I.
829 393 861 433 F
865 394 1079 435 undatoris
1112 395 1162 435 de
1193 395 1419 436 universali
1450 395 1640 437 Ecclesia

62 462 167 503 adeo
202 462 450 503 benemeriti
484 476 636 516 augere
672 463 831 515 volens,
855 465 1008 505 festum
1045 466 1136 505 eius
1166 465 1244 506 sub
1281 466 1364 506 ritu
1395 465 1551 518 duplici
1588 466 1641 508 ab

64 533 255 574 omnibus
275 534 347 587 qui
368 533 422 574 ad
441 533 564 575 horas
584 547 677 575 can.
699 540 898 576 tenentur
918 536 1121 577 celebrari
1144 535 1333 578 mandat.

61 598 106 633 R.
124 610 182 642 ap.
204 598 238 633 S.
257 600 307 634 M.
327 599 375 633 Μ.
397 599 428 633 V
446 599 523 633 Oet.
546 603 631 636 1667
650 601 690 634 Ρ.
710 613 767 635 an.
787 603 813 636 Ι.

60 707 165 742 Buzc.
185 708 291 742 Rom.
1379 710 1530 744 Elench.
1552 712 1640 745 hall.

146 830 187 872 5.
222 829 272 869 A.
301 827 348 868 F.
381 826 430 868 R.
464 826 521 867 M.
551 833 730 882 Eoepom'
751 828 878 869 nobis
900 842 1060 882 nuper.
1085 851 1111 857 —
1141 826 1270 870 clem.
1304 827 1380 881 IX,
1402 830 1642 882 petentibus

63 900 362 940 communitate
384 905 426 940 et
455 897 693 938 hominibus
724 898 804 937 civ.
830 896 1090 950 Sulmonen.‚
1113 900 1280 951 collegii
1301 899 1342 941 S.
1366 899 1400 941 I.
1426 901 1469 940 in
1495 900 1535 942 d.
1560 902 1638 942 ciV.

63 970 263 1010 erectioni
283 969 517 1022 praefixum
550 982 575 1009 a
604 968 751 1008 Frane.
779 968 874 1008 Ant.
909 967 1028 1008 Sardi
1055 969 1097 1008 in
1133 983 1207 1010 suo
1238 974 1490 1011 testamento
1526 970 1642 1012 bien-

63 1041 195 1092 nium,
218 1054 344 1093 quum
366 1039 526 1080 fabrica
546 1046 632 1080 tam
669 1040 752 1080 cito
772 1038 932 1079 absolvi
953 1049 1147 1092 nequeat,
1170 1040 1224 1081 ad
1257 1040 1362 1082 alios
1383 1040 1486 1082 duos
1507 1055 1640 1083 annos

64 1116 274 1166 prorogat.

64 1178 106 1213 R.
126 1188 183 1220 ap.
203 1177 238 1211 S.
258 1177 304 1213 M.
326 1177 376 1211 M.
396 1176 506 1212 XXX
524 1178 612 1212 Nov.
636 1179 718 1212 1667
737 1177 763 1210 P
796 1188 854 1211 an.
874 1178 900 1212 I.

1086 1287 1172 1330 Req.
1192 1287 1281 1322 buu.
1308 1287 1368 1322 VI.
1390 1290 1451 1323 188
1470 1288 1504 1330 b,
1525 1290 1587 1323 198
1607 1288 1641 1322 b.

142 1398 184 1440 6.
217 1396 269 1437 A.
292 1395 337 1437 P.
362 1395 410 1436 R.
436 1393 492 1436 M.
522 1402 628 1439 Came
647 1402 762 1439 slent
785 1403 1057 1451 accepemus.
1082 1419 1108 1425 —
1129 1394 1258 1437 Clem.
1278 1394 1339 1436 IX
1359 1410 1434 1448 pro
1456 1410 1642 1437 commu-

59 1467 184 1508 nione
203 1467 386 1520 generali
408 1480 517 1520 quae
539 1480 640 1507 cura
674 1466 773 1507 cler.
798 1480 883 1518 reg.
907 1466 949 1507 S.
973 1465 1007 1508 I.
1034 1467 1075 1507 in
1098 1467 1337 1507 carceribus
1373 1468 1490 1508 novis
1512 1481 1638 1508 nunc.

60 1541 102 1578 et
122 1537 361 1590 capitulinis
383 1537 433 1578 de
456 1536 569 1578 Urbe
590 1537 719 1577 semel
741 1537 915 1577 alternis
938 1538 1150 1577 mensibus
1172 1538 1400 1590 peragitur,
1424 1537 1641 1590 indulgen-

62 1608 142 1648 tias
163 1621 188 1648 a
208 1607 339 1648 Paulo
361 1606 397 1648 V
418 1608 548 1648 confr.
573 1607 622 1648 Β.
646 1606 705 1648 Μ.
734 1606 780 1648 V.
806 1606 856 1648 de
891 1607 1053 1648 Pietate
1074 1621 1293 1649 concessas
1322 1607 1375 1648 ad
1405 1614 1640 1649 carceratos

64 1677 267 1720 extendit.

63 1744 104 1779 R.
125 1755 183 1787 ap.
204 1744 240 1778 S.
260 1744 310 1779 M.
328 1745 379 1780 M.
399 1744 506 1778 XXX
523 1745 612 1778 Νον.
632 1746 716 1779 1667
736 1744 777 1778 Ρ.
797 1754 856 1778 an.
875 1744 903 1779 1.

1266 1854 1352 1897 Rey.
1373 1854 1464 1889 bull.
1493 1854 1550 1889 VI·
1570 1856 1645 1889 189.

148 1965 188 2008 7.
221 1963 274 2005 A.
305 1963 352 2005 P.
385 1962 436 2004 R.
459 1962 517 2004 M.
542 1967 615 2006 Ad
632 1966 866 2019 pastorale
884 1966 1148 2020 fastiyz'um.
1171 1988 1197 1994 -
1223 1961 1357 2005 Clem.
1394 1962 1470 2016 IX,
1504 1977 1645 2005 recen-

66 2035 147 2076 sita
182 2035 346 2088 collegii
380 2035 519 2076 Germ.
553 2041 596 2076 et
632 2034 768 2088 Hung.
805 2035 1024 2088 privilegia
1058 2048 1134 2088 per
1166 2037 1297 2076 Breve
1330 2034 1454 2088 Greg.
1479 2034 1551 2075 XV
1591 2042 1644 2079 In

68 2121 282 2162 supremo
304 2109 545 2149 militantis
566 2105 658 2159 (cfr.
683 2106 803 2158 Greg.
836 2105 912 2146 XV
943 2121 983 2147 n.
1008 2107 1078 2159 23)
1108 2119 1307 2148 concessa
1340 2106 1580 2158 confirmat,
1604 2110 1646 2147 et

67 2180 286 2230 praeterea
313 2190 339 2218 a
372 2176 655 2218 cardinalibus
684 2182 860 2230 protect.
890 2190 1055 2217 omnem
1083 2175 1423 2230 superioritatem
1453 2177 1566 2217 circa
1599 2176 1640 2218 S.

69 2247 324 2300 Apollinaris
344 2247 395 2289 de
415 2247 530 2289 Urbe
550 2247 717 2301 aliaque
738 2247 847 2289 bona
867 2261 1032 2289 annexa
1050 2248 1238 2289 exerceri
1259 2247 1462 2289 decernit.

70 2312 112 2347 R.
130 2323 188 2356 ap.
208 2312 245 2347 S.
263 2314 312 2348 M.
334 2314 383 2348 M.
402 2314 485 2349 XIV
504 2314 571 2349 Iul.
593 2316 677 2349 1668
696 2314 736 2348 P.
756 2325 815 2347 an.
839 2313 885 2349 ΙΙ.

68 2422 170 2457 Buzl.
187 2422 232 2456 de
247 2433 399 2466 propag.
419 2423 493 2466 fide
511 2422 540 2455 I.
561 2424 635 2458 375.
659 2441 699 2446 -
717 2422 818 2456 Buzl.
838 2423 944 2457 Rom.

152 2545 195 2588 8.
226 2543 374 2596 Congr.
408 2542 448 2585 S.
486 2542 571 2585 Rit.
595 2568 621 2574 -
655 2543 880 2585 Decretum
914 2558 995 2597 quo
1031 2543 1288 2597 approbatur
1322 2544 1473 2586 electio
1509 2544 1550 2587 S.
1574 2544 1647 2588 Fr.

73 2613 179 2655 Xav.
202 2615 246 2655 in
265 2619 636 2668 comprotectorem
658 2616 736 2657 civ.
760 2614 948 2656 Taurini.

73 2682 115 2715 20
131 2681 199 2716 Iul.
218 2684 316 2716 1668.

1391 2791 1544 2826 Elench.
1566 2792 1654 2827 bun.

160 2903 202 2947 9.
236 2901 285 2944 A.
310 2901 355 2944 Ρ.
379 2901 428 2945 R.
453 2900 510 2945 M.
535 2911 606 2947 Ex
625 2918 711 2959 quo
731 2909 944 2959 tempore.
969 2927 994 2932 -
1025 2900 1154 2943 Clem.
1184 2900 1261 2954 IX,
1284 2900 1525 2954 petentibus
1547 2904 1649 2944 rect.

78 2972 171 3014 coll.
206 2971 246 3014 S.
269 2972 304 3014 I.
337 2972 477 3027 oppidi
507 2972 557 3014 de
585 2972 728 3014 Alcala
757 2972 807 3013 de
838 2972 1024 3013 Henares
1053 2971 1243 3013 Toletan.
1267 2970 1402 3012 dioec.
1426 2974 1467 3011 et
1489 2974 1588 3012 rect.
1613 2973 1654 3011 et

79 3043 326 3085 consiliariis
345 3045 528 3085 univers.
553 3043 591 3085 d.
616 3057 732 3097 opp.‚
754 3043 858 3084 duas
886 3056 1014 3084 novas
1047 3057 1082 3085 s.
1119 3042 1353 3095 theologiae
1387 3041 1606 3083 cathedras
1628 3053 1654 3082 a
